{"event_type": "price_change", "event_ts": "2026-01-16T14:19:57.100705", "ingestion_ts": "2026-01-16T14:20:56.869125", "market_id": "0x2393ed0b0fdc450054c7b9071907eca75cf4fc36e385adf4a0a5f99ee62243e8", "raw": {"market": "0x2393ed0b0fdc450054c7b9071907eca75cf4fc36e385adf4a0a5f99ee62243e8", "asset_id": "32769749367306925959219403371425714180265458150646381231272229429098460625924", "price": "0.942", "size": "50", "side": "BUY", "timestamp": "1768573197027", "received_at": "2026-01-16T14:19:57.100705"}}
{"event_type": "price_change", "event_ts": "2026-01-16T14:19:57.100705", "ingestion_ts": "2026-01-16T14:20:56.869125", "market_id": "0x2393ed0b0fdc450054c7b9071907eca75cf4fc36e385adf4a0a5f99ee62243e8", "raw": {"market": "0x2393ed0b0fdc450054c7b9071907eca75cf4fc36e385adf4a0a5f99ee62243e8", "asset_id": "100074770378634056601572485653252702850363676459996771990439989989293515601975", "price": "0.058", "size": "50", "side": "SELL", "timestamp": "1768573197027", "received_at": "2026-01-16T14:19:57.100705"}}
{"event_type": "price_change", "event_ts": "2026-01-16T14:19:57.145369", "ingestion_ts": "2026-01-16T14:20:56.869125", "market_id": "0x2393ed0b0fdc450054c7b9071907eca75cf4fc36e385adf4a0a5f99ee62243e8", "raw": {"market": "0x2393ed0b0fdc450054c7b9071907eca75cf4fc36e385adf4a0a5f99ee62243e8", "asset_id": "100074770378634056601572485653252702850363676459996771990439989989293515601975", "price": "0.059", "size": "0", "side": "SELL", "timestamp": "1768573197097", "received_at": "2026-01-16T14:19:57.145369"}}
{"event_type": "price_change", "event_ts": "2026-01-16T14:19:57.145369", "ingestion_ts": "2026-01-16T14:20:56.869125", "market_id": "0x2393ed0b0fdc450054c7b9071907eca75cf4fc36e385adf4a0a5f99ee62243e8", "raw": {"market": "0x2393ed0b0fdc450054c7b9071907eca75cf4fc36e385adf4a0a5f99ee62243e8", "asset_id": "32769749367306925959219403371425714180265458150646381231272229429098460625924", "price": "0.941", "size": "0", "side": "BUY", "timestamp": "1768573197097", "received_at": "2026-01-16T14:19:57.145369"}}
{"event_type": "price_change", "event_ts": "2026-01-16T14:19:57.170075", "ingestion_ts": "2026-01-16T14:20:56.869125", "market_id": "0x427bc4b40c09b3dcbc973747f0e4b079bed91b3e5a0aed5c36edd0f7591485f4", "raw": {"market": "0x427bc4b40c09b3dcbc973747f0e4b079bed91b3e5a0aed5c36edd0f7591485f4", "asset_id": "115669573443672055876643967408433138119481486650803218131873713375232186497057", "price": "0.183", "size": "22.07", "side": "SELL", "timestamp": "1768573197128", "received_at": "2026-01-16T14:19:57.170075"}}
{"event_type": "price_change", "event_ts": "2026-01-16T14:19:57.170075", "ingestion_ts": "2026-01-16T14:20:56.869125", "market_id": "0x427bc4b40c09b3dcbc973747f0e4b079bed91b3e5a0aed5c36edd0f7591485f4", "raw": {"market": "0x427bc4b40c09b3dcbc973747f0e4b079bed91b3e5a0aed5c36edd0f7591485f4", "asset_id": "86130975769502911188457673769190265049139877688522439001984850068234616395137", "price": "0.817", "size": "22.07", "side": "BUY", "timestamp": "1768573197128", "received_at": "2026-01-16T14:19:57.170075"}}
{"event_type": "price_change", "event_ts": "2026-01-16T14:19:57.170135", "ingestion_ts": "2026-01-16T14:20:56.869125", "market_id": "0x2393ed0b0fdc450054c7b9071907eca75cf4fc36e385adf4a0a5f99ee62243e8", "raw": {"market": "0x2393ed0b0fdc450054c7b9071907eca75cf4fc36e385adf4a0a5f99ee62243e8", "asset_id": "100074770378634056601572485653252702850363676459996771990439989989293515601975", "price": "0.057", "size": "205", "side": "SELL", "timestamp": "1768573197128", "received_at": "2026-01-16T14:19:57.170135"}}
{"event_type": "price_change", "event_ts": "2026-01-16T14:19:57.170135", "ingestion_ts": "2026-01-16T14:20:56.869125", "market_id": "0x2393ed0b0fdc450054c7b9071907eca75cf4fc36e385adf4a0a5f99ee62243e8", "raw": {"market": "0x2393ed0b0fdc450054c7b9071907eca75cf4fc36e385adf4a0a5f99ee62243e8", "asset_id": "32769749367306925959219403371425714180265458150646381231272229429098460625924", "price": "0.943", "size": "205", "side": "BUY", "timestamp": "1768573197128", "received_at": "2026-01-16T14:19:57.170135"}}
{"event_type": "price_change", "event_ts": "2026-01-16T14:19:57.173842", "ingestion_ts": "2026-01-16T14:20:56.869125", "market_id": "0x427bc4b40c09b3dcbc973747f0e4b079bed91b3e5a0aed5c36edd0f7591485f4", "raw": {"market": "0x427bc4b40c09b3dcbc973747f0e4b079bed91b3e5a0aed5c36edd0f7591485f4", "asset_id": "115669573443672055876643967408433138119481486650803218131873713375232186497057", "price": "0.184", "size": "52.88", "side": "SELL", "timestamp": "1768573197134", "received_at": "2026-01-16T14:19:57.173842"}}
{"event_type": "price_change", "event_ts": "2026-01-16T14:19:57.173842", "ingestion_ts": "2026-01-16T14:20:56.869125", "market_id": "0x427bc4b40c09b3dcbc973747f0e4b079bed91b3e5a0aed5c36edd0f7591485f4", "raw": {"market": "0x427bc4b40c09b3dcbc973747f0e4b079bed91b3e5a0aed5c36edd0f7591485f4", "asset_id": "86130975769502911188457673769190265049139877688522439001984850068234616395137", "price": "0.816", "size": "52.88", "side": "BUY", "timestamp": "1768573197134", "received_at": "2026-01-16T14:19:57.173842"}}
{"event_type": "price_change", "event_ts": "2026-01-16T14:19:57.184967", "ingestion_ts": "2026-01-16T14:20:56.869125", "market_id": "0x427bc4b40c09b3dcbc973747f0e4b079bed91b3e5a0aed5c36edd0f7591485f4", "raw": {"market": "0x427bc4b40c09b3dcbc973747f0e4b079bed91b3e5a0aed5c36edd0f7591485f4", "asset_id": "115669573443672055876643967408433138119481486650803218131873713375232186497057", "price": "0.183", "size": "44.14", "side": "SELL", "timestamp": "1768573197137", "received_at": "2026-01-16T14:19:57.184967"}}
{"event_type": "price_change", "event_ts": "2026-01-16T14:19:57.184967", "ingestion_ts": "2026-01-16T14:20:56.869125", "market_id": "0x427bc4b40c09b3dcbc973747f0e4b079bed91b3e5a0aed5c36edd0f7591485f4", "raw": {"market": "0x427bc4b40c09b3dcbc973747f0e4b079bed91b3e5a0aed5c36edd0f7591485f4", "asset_id": "86130975769502911188457673769190265049139877688522439001984850068234616395137", "price": "0.817", "size": "44.14", "side": "BUY", "timestamp": "1768573197137", "received_at": "2026-01-16T14:19:57.184967"}}
{"event_type": "price_change", "event_ts": "2026-01-16T14:19:57.185013", "ingestion_ts": "2026-01-16T14:20:56.869125", "market_id": "0x427bc4b40c09b3dcbc973747f0e4b079bed91b3e5a0aed5c36edd0f7591485f4", "raw": {"market": "0x427bc4b40c09b3dcbc973747f0e4b079bed91b3e5a0aed5c36edd0f7591485f4", "asset_id": "115669573443672055876643967408433138119481486650803218131873713375232186497057", "price": "0.184", "size": "58.76", "side": "SELL", "timestamp": "1768573197141", "received_at": "2026-01-16T14:19:57.185013"}}
{"event_type": "price_change", "event_ts": "2026-01-16T14:19:57.185013", "ingestion_ts": "2026-01-16T14:20:56.869125", "market_id": "0x427bc4b40c09b3dcbc973747f0e4b079bed91b3e5a0aed5c36edd0f7591485f4", "raw": {"market": "0x427bc4b40c09b3dcbc973747f0e4b079bed91b3e5a0aed5c36edd0f7591485f4", "asset_id": "86130975769502911188457673769190265049139877688522439001984850068234616395137", "price": "0.816", "size": "58.76", "side": "BUY", "timestamp": "1768573197141", "received_at": "2026-01-16T14:19:57.185013"}}
{"event_type": "price_change", "event_ts": "2026-01-16T14:19:57.229110", "ingestion_ts": "2026-01-16T14:20:56.869125", "market_id": "0x427bc4b40c09b3dcbc973747f0e4b079bed91b3e5a0aed5c36edd0f7591485f4", "raw": {"market": "0x427bc4b40c09b3dcbc973747f0e4b079bed91b3e5a0aed5c36edd0f7591485f4", "asset_id": "86130975769502911188457673769190265049139877688522439001984850068234616395137", "price": "0.816", "size": "11.76", "side": "BUY", "timestamp": "1768573197161", "received_at": "2026-01-16T14:19:57.229110"}}
{"event_type": "price_change", "event_ts": "2026-01-16T14:19:57.229110", "ingestion_ts": "2026-01-16T14:20:56.869125", "market_id": "0x427bc4b40c09b3dcbc973747f0e4b079bed91b3e5a0aed5c36edd0f7591485f4", "raw": {"market": "0x427bc4b40c09b3dcbc973747f0e4b079bed91b3e5a0aed5c36edd0f7591485f4", "asset_id": "115669573443672055876643967408433138119481486650803218131873713375232186497057", "price": "0.184", "size": "11.76", "side": "SELL", "timestamp": "1768573197161", "received_at": "2026-01-16T14:19:57.229110"}}
{"event_type": "price_change", "event_ts": "2026-01-16T14:19:57.288002", "ingestion_ts": "2026-01-16T14:20:56.869125", "market_id": "0x427bc4b40c09b3dcbc973747f0e4b079bed91b3e5a0aed5c36edd0f7591485f4", "raw": {"market": "0x427bc4b40c09b3dcbc973747f0e4b079bed91b3e5a0aed5c36edd0f7591485f4", "asset_id": "86130975769502911188457673769190265049139877688522439001984850068234616395137", "price": "0.818", "size": "35", "side": "BUY", "timestamp": "1768573197200", "received_at": "2026-01-16T14:19:57.288002"}}
{"event_type": "price_change", "event_ts": "2026-01-16T14:19:57.288002", "ingestion_ts": "2026-01-16T14:20:56.869125", "market_id": "0x427bc4b40c09b3dcbc973747f0e4b079bed91b3e5a0aed5c36edd0f7591485f4", "raw": {"market": "0x427bc4b40c09b3dcbc973747f0e4b079bed91b3e5a0aed5c36edd0f7591485f4", "asset_id": "115669573443672055876643967408433138119481486650803218131873713375232186497057", "price": "0.182", "size": "35", "side": "SELL", "timestamp": "1768573197200", "received_at": "2026-01-16T14:19:57.288002"}}
{"event_type": "price_change", "event_ts": "2026-01-16T14:19:57.429511", "ingestion_ts": "2026-01-16T14:20:56.869125", "market_id": "0x2393ed0b0fdc450054c7b9071907eca75cf4fc36e385adf4a0a5f99ee62243e8", "raw": {"market": "0x2393ed0b0fdc450054c7b9071907eca75cf4fc36e385adf4a0a5f99ee62243e8", "asset_id": "32769749367306925959219403371425714180265458150646381231272229429098460625924", "price": "0.94", "size": "0", "side": "BUY", "timestamp": "1768573197327", "received_at": "2026-01-16T14:19:57.429511"}}
{"event_type": "price_change", "event_ts": "2026-01-16T14:19:57.429511", "ingestion_ts": "2026-01-16T14:20:56.869125", "market_id": "0x2393ed0b0fdc450054c7b9071907eca75cf4fc36e385adf4a0a5f99ee62243e8", "raw": {"market": "0x2393ed0b0fdc450054c7b9071907eca75cf4fc36e385adf4a0a5f99ee62243e8", "asset_id": "100074770378634056601572485653252702850363676459996771990439989989293515601975", "price": "0.06", "size": "0", "side": "SELL", "timestamp": "1768573197327", "received_at": "2026-01-16T14:19:57.429511"}}
{"event_type": "price_change", "event_ts": "2026-01-16T14:19:58.674349", "ingestion_ts": "2026-01-16T14:20:56.869125", "market_id": "0x49686d26fb712515cd5e12c23f0a1c7e10214c7faa3cb0a730aabe0c33694082", "raw": {"market": "0x49686d26fb712515cd5e12c23f0a1c7e10214c7faa3cb0a730aabe0c33694082", "asset_id": "13244681086321087932946246027856416106585284024824496763706748621681543444582", "price": "0.853", "size": "50.86", "side": "BUY", "timestamp": "1768573198590", "received_at": "2026-01-16T14:19:58.674349"}}
{"event_type": "price_change", "event_ts": "2026-01-16T14:19:58.674349", "ingestion_ts": "2026-01-16T14:20:56.869125", "market_id": "0x49686d26fb712515cd5e12c23f0a1c7e10214c7faa3cb0a730aabe0c33694082", "raw": {"market": "0x49686d26fb712515cd5e12c23f0a1c7e10214c7faa3cb0a730aabe0c33694082", "asset_id": "30442780799048074404860985387051749017905070253466005720364298335239299761065", "price": "0.147", "size": "50.86", "side": "SELL", "timestamp": "1768573198590", "received_at": "2026-01-16T14:19:58.674349"}}
{"event_type": "price_change", "event_ts": "2026-01-16T14:19:58.711344", "ingestion_ts": "2026-01-16T14:20:56.869125", "market_id": "0x427bc4b40c09b3dcbc973747f0e4b079bed91b3e5a0aed5c36edd0f7591485f4", "raw": {"market": "0x427bc4b40c09b3dcbc973747f0e4b079bed91b3e5a0aed5c36edd0f7591485f4", "asset_id": "115669573443672055876643967408433138119481486650803218131873713375232186497057", "price": "0.002", "size": "109.4", "side": "BUY", "timestamp": "1768573198665", "received_at": "2026-01-16T14:19:58.711344"}}
{"event_type": "price_change", "event_ts": "2026-01-16T14:19:58.711344", "ingestion_ts": "2026-01-16T14:20:56.869125", "market_id": "0x427bc4b40c09b3dcbc973747f0e4b079bed91b3e5a0aed5c36edd0f7591485f4", "raw": {"market": "0x427bc4b40c09b3dcbc973747f0e4b079bed91b3e5a0aed5c36edd0f7591485f4", "asset_id": "86130975769502911188457673769190265049139877688522439001984850068234616395137", "price": "0.998", "size": "109.4", "side": "SELL", "timestamp": "1768573198665", "received_at": "2026-01-16T14:19:58.711344"}}
{"event_type": "price_change", "event_ts": "2026-01-16T14:19:58.711407", "ingestion_ts": "2026-01-16T14:20:56.869125", "market_id": "0x427bc4b40c09b3dcbc973747f0e4b079bed91b3e5a0aed5c36edd0f7591485f4", "raw": {"market": "0x427bc4b40c09b3dcbc973747f0e4b079bed91b3e5a0aed5c36edd0f7591485f4", "asset_id": "115669573443672055876643967408433138119481486650803218131873713375232186497057", "price": "0.006", "size": "21.35", "side": "BUY", "timestamp": "1768573198665", "received_at": "2026-01-16T14:19:58.711407"}}
{"event_type": "price_change", "event_ts": "2026-01-16T14:19:58.711407", "ingestion_ts": "2026-01-16T14:20:56.869125", "market_id": "0x427bc4b40c09b3dcbc973747f0e4b079bed91b3e5a0aed5c36edd0f7591485f4", "raw": {"market": "0x427bc4b40c09b3dcbc973747f0e4b079bed91b3e5a0aed5c36edd0f7591485f4", "asset_id": "86130975769502911188457673769190265049139877688522439001984850068234616395137", "price": "0.994", "size": "21.35", "side": "SELL", "timestamp": "1768573198665", "received_at": "2026-01-16T14:19:58.711407"}}
{"event_type": "price_change", "event_ts": "2026-01-16T14:19:59.109750", "ingestion_ts": "2026-01-16T14:20:56.869125", "market_id": "0x427bc4b40c09b3dcbc973747f0e4b079bed91b3e5a0aed5c36edd0f7591485f4", "raw": {"market": "0x427bc4b40c09b3dcbc973747f0e4b079bed91b3e5a0aed5c36edd0f7591485f4", "asset_id": "115669573443672055876643967408433138119481486650803218131873713375232186497057", "price": "0.008", "size": "5.14", "side": "BUY", "timestamp": "1768573199067", "received_at": "2026-01-16T14:19:59.109750"}}
{"event_type": "price_change", "event_ts": "2026-01-16T14:19:59.109750", "ingestion_ts": "2026-01-16T14:20:56.869125", "market_id": "0x427bc4b40c09b3dcbc973747f0e4b079bed91b3e5a0aed5c36edd0f7591485f4", "raw": {"market": "0x427bc4b40c09b3dcbc973747f0e4b079bed91b3e5a0aed5c36edd0f7591485f4", "asset_id": "86130975769502911188457673769190265049139877688522439001984850068234616395137", "price": "0.992", "size": "5.14", "side": "SELL", "timestamp": "1768573199067", "received_at": "2026-01-16T14:19:59.109750"}}
{"event_type": "price_change", "event_ts": "2026-01-16T14:19:59.111336", "ingestion_ts": "2026-01-16T14:20:56.869125", "market_id": "0x427bc4b40c09b3dcbc973747f0e4b079bed91b3e5a0aed5c36edd0f7591485f4", "raw": {"market": "0x427bc4b40c09b3dcbc973747f0e4b079bed91b3e5a0aed5c36edd0f7591485f4", "asset_id": "115669573443672055876643967408433138119481486650803218131873713375232186497057", "price": "0.003", "size": "5.06", "side": "BUY", "timestamp": "1768573199068", "received_at": "2026-01-16T14:19:59.111336"}}
{"event_type": "price_change", "event_ts": "2026-01-16T14:19:59.111336", "ingestion_ts": "2026-01-16T14:20:56.869125", "market_id": "0x427bc4b40c09b3dcbc973747f0e4b079bed91b3e5a0aed5c36edd0f7591485f4", "raw": {"market": "0x427bc4b40c09b3dcbc973747f0e4b079bed91b3e5a0aed5c36edd0f7591485f4", "asset_id": "86130975769502911188457673769190265049139877688522439001984850068234616395137", "price": "0.997", "size": "5.06", "side": "SELL", "timestamp": "1768573199068", "received_at": "2026-01-16T14:19:59.111336"}}
{"event_type": "price_change", "event_ts": "2026-01-16T14:19:59.111379", "ingestion_ts": "2026-01-16T14:20:56.869125", "market_id": "0x427bc4b40c09b3dcbc973747f0e4b079bed91b3e5a0aed5c36edd0f7591485f4", "raw": {"market": "0x427bc4b40c09b3dcbc973747f0e4b079bed91b3e5a0aed5c36edd0f7591485f4", "asset_id": "115669573443672055876643967408433138119481486650803218131873713375232186497057", "price": "0.007", "size": "41.9", "side": "BUY", "timestamp": "1768573199069", "received_at": "2026-01-16T14:19:59.111379"}}
{"event_type": "price_change", "event_ts": "2026-01-16T14:19:59.111379", "ingestion_ts": "2026-01-16T14:20:56.869125", "market_id": "0x427bc4b40c09b3dcbc973747f0e4b079bed91b3e5a0aed5c36edd0f7591485f4", "raw": {"market": "0x427bc4b40c09b3dcbc973747f0e4b079bed91b3e5a0aed5c36edd0f7591485f4", "asset_id": "86130975769502911188457673769190265049139877688522439001984850068234616395137", "price": "0.993", "size": "41.9", "side": "SELL", "timestamp": "1768573199069", "received_at": "2026-01-16T14:19:59.111379"}}
{"event_type": "price_change", "event_ts": "2026-01-16T14:19:59.172997", "ingestion_ts": "2026-01-16T14:20:56.869125", "market_id": "0x427bc4b40c09b3dcbc973747f0e4b079bed91b3e5a0aed5c36edd0f7591485f4", "raw": {"market": "0x427bc4b40c09b3dcbc973747f0e4b079bed91b3e5a0aed5c36edd0f7591485f4", "asset_id": "86130975769502911188457673769190265049139877688522439001984850068234616395137", "price": "0.818", "size": "0", "side": "BUY", "timestamp": "1768573199098", "received_at": "2026-01-16T14:19:59.172997"}}
{"event_type": "price_change", "event_ts": "2026-01-16T14:19:59.172997", "ingestion_ts": "2026-01-16T14:20:56.869125", "market_id": "0x427bc4b40c09b3dcbc973747f0e4b079bed91b3e5a0aed5c36edd0f7591485f4", "raw": {"market": "0x427bc4b40c09b3dcbc973747f0e4b079bed91b3e5a0aed5c36edd0f7591485f4", "asset_id": "115669573443672055876643967408433138119481486650803218131873713375232186497057", "price": "0.182", "size": "0", "side": "SELL", "timestamp": "1768573199098", "received_at": "2026-01-16T14:19:59.172997"}}
{"event_type": "price_change", "event_ts": "2026-01-16T14:19:59.173039", "ingestion_ts": "2026-01-16T14:20:56.869125", "market_id": "0x427bc4b40c09b3dcbc973747f0e4b079bed91b3e5a0aed5c36edd0f7591485f4", "raw": {"market": "0x427bc4b40c09b3dcbc973747f0e4b079bed91b3e5a0aed5c36edd0f7591485f4", "asset_id": "86130975769502911188457673769190265049139877688522439001984850068234616395137", "price": "0.993", "size": "5.9", "side": "SELL", "timestamp": "1768573199098", "received_at": "2026-01-16T14:19:59.173039"}}
{"event_type": "price_change", "event_ts": "2026-01-16T14:19:59.173039", "ingestion_ts": "2026-01-16T14:20:56.869125", "market_id": "0x427bc4b40c09b3dcbc973747f0e4b079bed91b3e5a0aed5c36edd0f7591485f4", "raw": {"market": "0x427bc4b40c09b3dcbc973747f0e4b079bed91b3e5a0aed5c36edd0f7591485f4", "asset_id": "115669573443672055876643967408433138119481486650803218131873713375232186497057", "price": "0.007", "size": "5.9", "side": "BUY", "timestamp": "1768573199098", "received_at": "2026-01-16T14:19:59.173039"}}
{"event_type": "price_change", "event_ts": "2026-01-16T14:19:59.308275", "ingestion_ts": "2026-01-16T14:20:56.869125", "market_id": "0x49686d26fb712515cd5e12c23f0a1c7e10214c7faa3cb0a730aabe0c33694082", "raw": {"market": "0x49686d26fb712515cd5e12c23f0a1c7e10214c7faa3cb0a730aabe0c33694082", "asset_id": "30442780799048074404860985387051749017905070253466005720364298335239299761065", "price": "0.148", "size": "0", "side": "SELL", "timestamp": "1768573199217", "received_at": "2026-01-16T14:19:59.308275"}}
{"event_type": "price_change", "event_ts": "2026-01-16T14:19:59.308275", "ingestion_ts": "2026-01-16T14:20:56.869125", "market_id": "0x49686d26fb712515cd5e12c23f0a1c7e10214c7faa3cb0a730aabe0c33694082", "raw": {"market": "0x49686d26fb712515cd5e12c23f0a1c7e10214c7faa3cb0a730aabe0c33694082", "asset_id": "13244681086321087932946246027856416106585284024824496763706748621681543444582", "price": "0.852", "size": "0", "side": "BUY", "timestamp": "1768573199217", "received_at": "2026-01-16T14:19:59.308275"}}
{"event_type": "price_change", "event_ts": "2026-01-16T14:19:59.337930", "ingestion_ts": "2026-01-16T14:20:56.869125", "market_id": "0x49686d26fb712515cd5e12c23f0a1c7e10214c7faa3cb0a730aabe0c33694082", "raw": {"market": "0x49686d26fb712515cd5e12c23f0a1c7e10214c7faa3cb0a730aabe0c33694082", "asset_id": "30442780799048074404860985387051749017905070253466005720364298335239299761065", "price": "0.146", "size": "17.5", "side": "SELL", "timestamp": "1768573199280", "received_at": "2026-01-16T14:19:59.337930"}}
{"event_type": "price_change", "event_ts": "2026-01-16T14:19:59.337930", "ingestion_ts": "2026-01-16T14:20:56.869125", "market_id": "0x49686d26fb712515cd5e12c23f0a1c7e10214c7faa3cb0a730aabe0c33694082", "raw": {"market": "0x49686d26fb712515cd5e12c23f0a1c7e10214c7faa3cb0a730aabe0c33694082", "asset_id": "13244681086321087932946246027856416106585284024824496763706748621681543444582", "price": "0.854", "size": "17.5", "side": "BUY", "timestamp": "1768573199280", "received_at": "2026-01-16T14:19:59.337930"}}
{"event_type": "price_change", "event_ts": "2026-01-16T14:19:59.359276", "ingestion_ts": "2026-01-16T14:20:56.869125", "market_id": "0x49686d26fb712515cd5e12c23f0a1c7e10214c7faa3cb0a730aabe0c33694082", "raw": {"market": "0x49686d26fb712515cd5e12c23f0a1c7e10214c7faa3cb0a730aabe0c33694082", "asset_id": "13244681086321087932946246027856416106585284024824496763706748621681543444582", "price": "0.911", "size": "14.98", "side": "SELL", "timestamp": "1768573199308", "received_at": "2026-01-16T14:19:59.359276"}}
{"event_type": "price_change", "event_ts": "2026-01-16T14:19:59.359276", "ingestion_ts": "2026-01-16T14:20:56.869125", "market_id": "0x49686d26fb712515cd5e12c23f0a1c7e10214c7faa3cb0a730aabe0c33694082", "raw": {"market": "0x49686d26fb712515cd5e12c23f0a1c7e10214c7faa3cb0a730aabe0c33694082", "asset_id": "30442780799048074404860985387051749017905070253466005720364298335239299761065", "price": "0.089", "size": "14.98", "side": "BUY", "timestamp": "1768573199308", "received_at": "2026-01-16T14:19:59.359276"}}
{"event_type": "price_change", "event_ts": "2026-01-16T14:19:59.602850", "ingestion_ts": "2026-01-16T14:20:56.869125", "market_id": "0x427bc4b40c09b3dcbc973747f0e4b079bed91b3e5a0aed5c36edd0f7591485f4", "raw": {"market": "0x427bc4b40c09b3dcbc973747f0e4b079bed91b3e5a0aed5c36edd0f7591485f4", "asset_id": "115669573443672055876643967408433138119481486650803218131873713375232186497057", "price": "0.183", "size": "22.07", "side": "SELL", "timestamp": "1768573199563", "received_at": "2026-01-16T14:19:59.602850"}}
{"event_type": "price_change", "event_ts": "2026-01-16T14:19:59.602850", "ingestion_ts": "2026-01-16T14:20:56.869125", "market_id": "0x427bc4b40c09b3dcbc973747f0e4b079bed91b3e5a0aed5c36edd0f7591485f4", "raw": {"market": "0x427bc4b40c09b3dcbc973747f0e4b079bed91b3e5a0aed5c36edd0f7591485f4", "asset_id": "86130975769502911188457673769190265049139877688522439001984850068234616395137", "price": "0.817", "size": "22.07", "side": "BUY", "timestamp": "1768573199563", "received_at": "2026-01-16T14:19:59.602850"}}
{"event_type": "price_change", "event_ts": "2026-01-16T14:19:59.603191", "ingestion_ts": "2026-01-16T14:20:56.869125", "market_id": "0x427bc4b40c09b3dcbc973747f0e4b079bed91b3e5a0aed5c36edd0f7591485f4", "raw": {"market": "0x427bc4b40c09b3dcbc973747f0e4b079bed91b3e5a0aed5c36edd0f7591485f4", "asset_id": "115669573443672055876643967408433138119481486650803218131873713375232186497057", "price": "0.184", "size": "5.88", "side": "SELL", "timestamp": "1768573199563", "received_at": "2026-01-16T14:19:59.603191"}}
{"event_type": "price_change", "event_ts": "2026-01-16T14:19:59.603191", "ingestion_ts": "2026-01-16T14:20:56.869125", "market_id": "0x427bc4b40c09b3dcbc973747f0e4b079bed91b3e5a0aed5c36edd0f7591485f4", "raw": {"market": "0x427bc4b40c09b3dcbc973747f0e4b079bed91b3e5a0aed5c36edd0f7591485f4", "asset_id": "86130975769502911188457673769190265049139877688522439001984850068234616395137", "price": "0.816", "size": "5.88", "side": "BUY", "timestamp": "1768573199563", "received_at": "2026-01-16T14:19:59.603191"}}
{"event_type": "price_change", "event_ts": "2026-01-16T14:19:59.603221", "ingestion_ts": "2026-01-16T14:20:56.869125", "market_id": "0x427bc4b40c09b3dcbc973747f0e4b079bed91b3e5a0aed5c36edd0f7591485f4", "raw": {"market": "0x427bc4b40c09b3dcbc973747f0e4b079bed91b3e5a0aed5c36edd0f7591485f4", "asset_id": "115669573443672055876643967408433138119481486650803218131873713375232186497057", "price": "0.185", "size": "0", "side": "SELL", "timestamp": "1768573199563", "received_at": "2026-01-16T14:19:59.603221"}}
{"event_type": "price_change", "event_ts": "2026-01-16T14:19:59.603221", "ingestion_ts": "2026-01-16T14:20:56.869125", "market_id": "0x427bc4b40c09b3dcbc973747f0e4b079bed91b3e5a0aed5c36edd0f7591485f4", "raw": {"market": "0x427bc4b40c09b3dcbc973747f0e4b079bed91b3e5a0aed5c36edd0f7591485f4", "asset_id": "86130975769502911188457673769190265049139877688522439001984850068234616395137", "price": "0.815", "size": "0", "side": "BUY", "timestamp": "1768573199563", "received_at": "2026-01-16T14:19:59.603221"}}
{"event_type": "price_change", "event_ts": "2026-01-16T14:19:59.958178", "ingestion_ts": "2026-01-16T14:20:56.869125", "market_id": "0xae5584fbb57f23c1c608d544b656f23d8bf12340cef70811cf31bb0cb4fc2115", "raw": {"market": "0xae5584fbb57f23c1c608d544b656f23d8bf12340cef70811cf31bb0cb4fc2115", "asset_id": "42278252558046940014991595990628759801692726198478046188873057685686228021663", "price": "0.99", "size": "8199.8", "side": "SELL", "timestamp": "1768573199912", "received_at": "2026-01-16T14:19:59.958178"}}
{"event_type": "price_change", "event_ts": "2026-01-16T14:19:59.958178", "ingestion_ts": "2026-01-16T14:20:56.869125", "market_id": "0xae5584fbb57f23c1c608d544b656f23d8bf12340cef70811cf31bb0cb4fc2115", "raw": {"market": "0xae5584fbb57f23c1c608d544b656f23d8bf12340cef70811cf31bb0cb4fc2115", "asset_id": "28946595841244317705636126646676849578876740730186646421280828201004700559420", "price": "0.01", "size": "8199.8", "side": "BUY", "timestamp": "1768573199912", "received_at": "2026-01-16T14:19:59.958178"}}
{"event_type": "price_change", "event_ts": "2026-01-16T14:20:00.079695", "ingestion_ts": "2026-01-16T14:20:56.869125", "market_id": "0x427bc4b40c09b3dcbc973747f0e4b079bed91b3e5a0aed5c36edd0f7591485f4", "raw": {"market": "0x427bc4b40c09b3dcbc973747f0e4b079bed91b3e5a0aed5c36edd0f7591485f4", "asset_id": "115669573443672055876643967408433138119481486650803218131873713375232186497057", "price": "0.47", "size": "57.64", "side": "SELL", "timestamp": "1768573200010", "received_at": "2026-01-16T14:20:00.079695"}}
{"event_type": "price_change", "event_ts": "2026-01-16T14:20:00.079695", "ingestion_ts": "2026-01-16T14:20:56.869125", "market_id": "0x427bc4b40c09b3dcbc973747f0e4b079bed91b3e5a0aed5c36edd0f7591485f4", "raw": {"market": "0x427bc4b40c09b3dcbc973747f0e4b079bed91b3e5a0aed5c36edd0f7591485f4", "asset_id": "86130975769502911188457673769190265049139877688522439001984850068234616395137", "price": "0.53", "size": "57.64", "side": "BUY", "timestamp": "1768573200010", "received_at": "2026-01-16T14:20:00.079695"}}
{"event_type": "price_change", "event_ts": "2026-01-16T14:20:00.079741", "ingestion_ts": "2026-01-16T14:20:56.869125", "market_id": "0x427bc4b40c09b3dcbc973747f0e4b079bed91b3e5a0aed5c36edd0f7591485f4", "raw": {"market": "0x427bc4b40c09b3dcbc973747f0e4b079bed91b3e5a0aed5c36edd0f7591485f4", "asset_id": "115669573443672055876643967408433138119481486650803218131873713375232186497057", "price": "0.47", "size": "77.89", "side": "SELL", "timestamp": "1768573200011", "received_at": "2026-01-16T14:20:00.079741"}}
{"event_type": "price_change", "event_ts": "2026-01-16T14:20:00.079741", "ingestion_ts": "2026-01-16T14:20:56.869125", "market_id": "0x427bc4b40c09b3dcbc973747f0e4b079bed91b3e5a0aed5c36edd0f7591485f4", "raw": {"market": "0x427bc4b40c09b3dcbc973747f0e4b079bed91b3e5a0aed5c36edd0f7591485f4", "asset_id": "86130975769502911188457673769190265049139877688522439001984850068234616395137", "price": "0.53", "size": "77.89", "side": "BUY", "timestamp": "1768573200011", "received_at": "2026-01-16T14:20:00.079741"}}
{"event_type": "price_change", "event_ts": "2026-01-16T14:20:00.083175", "ingestion_ts": "2026-01-16T14:20:56.869125", "market_id": "0xae5584fbb57f23c1c608d544b656f23d8bf12340cef70811cf31bb0cb4fc2115", "raw": {"market": "0xae5584fbb57f23c1c608d544b656f23d8bf12340cef70811cf31bb0cb4fc2115", "asset_id": "28946595841244317705636126646676849578876740730186646421280828201004700559420", "price": "0.01", "size": "8247.6", "side": "BUY", "timestamp": "1768573200018", "received_at": "2026-01-16T14:20:00.083175"}}
{"event_type": "price_change", "event_ts": "2026-01-16T14:20:00.083175", "ingestion_ts": "2026-01-16T14:20:56.869125", "market_id": "0xae5584fbb57f23c1c608d544b656f23d8bf12340cef70811cf31bb0cb4fc2115", "raw": {"market": "0xae5584fbb57f23c1c608d544b656f23d8bf12340cef70811cf31bb0cb4fc2115", "asset_id": "42278252558046940014991595990628759801692726198478046188873057685686228021663", "price": "0.99", "size": "8247.6", "side": "SELL", "timestamp": "1768573200018", "received_at": "2026-01-16T14:20:00.083175"}}
{"event_type": "price_change", "event_ts": "2026-01-16T14:20:00.169836", "ingestion_ts": "2026-01-16T14:20:56.869125", "market_id": "0xc55db914f0fd1fee18997706712c0dfd8d0369cdbef93a9fef12bd001914ca77", "raw": {"market": "0xc55db914f0fd1fee18997706712c0dfd8d0369cdbef93a9fef12bd001914ca77", "asset_id": "114600293444080540179603459515770723592661967180480327891296353898330242622833", "price": "0.859", "size": "30", "side": "BUY", "timestamp": "1768573200114", "received_at": "2026-01-16T14:20:00.169836"}}
{"event_type": "price_change", "event_ts": "2026-01-16T14:20:00.169836", "ingestion_ts": "2026-01-16T14:20:56.869125", "market_id": "0xc55db914f0fd1fee18997706712c0dfd8d0369cdbef93a9fef12bd001914ca77", "raw": {"market": "0xc55db914f0fd1fee18997706712c0dfd8d0369cdbef93a9fef12bd001914ca77", "asset_id": "72354723612769247426741660426331235762851940382312402276325808095604519806766", "price": "0.141", "size": "30", "side": "SELL", "timestamp": "1768573200114", "received_at": "2026-01-16T14:20:00.169836"}}
{"event_type": "price_change", "event_ts": "2026-01-16T14:20:00.169898", "ingestion_ts": "2026-01-16T14:20:56.869125", "market_id": "0x9472be65457510b7fc3477b20ba90910e99d92eac8421a14bf4b7b7a08ef31dc", "raw": {"market": "0x9472be65457510b7fc3477b20ba90910e99d92eac8421a14bf4b7b7a08ef31dc", "asset_id": "43311793366960417907757893276427136943959788721376762326430771171648759300146", "price": "0.858", "size": "233", "side": "BUY", "timestamp": "1768573200114", "received_at": "2026-01-16T14:20:00.169898"}}
{"event_type": "price_change", "event_ts": "2026-01-16T14:20:00.169898", "ingestion_ts": "2026-01-16T14:20:56.869125", "market_id": "0x9472be65457510b7fc3477b20ba90910e99d92eac8421a14bf4b7b7a08ef31dc", "raw": {"market": "0x9472be65457510b7fc3477b20ba90910e99d92eac8421a14bf4b7b7a08ef31dc", "asset_id": "73414222381656326204771753454630063673548497164758947581648273905027617570612", "price": "0.142", "size": "233", "side": "SELL", "timestamp": "1768573200114", "received_at": "2026-01-16T14:20:00.169898"}}
{"event_type": "price_change", "event_ts": "2026-01-16T14:20:00.169914", "ingestion_ts": "2026-01-16T14:20:56.869125", "market_id": "0x2393ed0b0fdc450054c7b9071907eca75cf4fc36e385adf4a0a5f99ee62243e8", "raw": {"market": "0x2393ed0b0fdc450054c7b9071907eca75cf4fc36e385adf4a0a5f99ee62243e8", "asset_id": "32769749367306925959219403371425714180265458150646381231272229429098460625924", "price": "0.849", "size": "294", "side": "BUY", "timestamp": "1768573200114", "received_at": "2026-01-16T14:20:00.169914"}}
{"event_type": "price_change", "event_ts": "2026-01-16T14:20:00.169914", "ingestion_ts": "2026-01-16T14:20:56.869125", "market_id": "0x2393ed0b0fdc450054c7b9071907eca75cf4fc36e385adf4a0a5f99ee62243e8", "raw": {"market": "0x2393ed0b0fdc450054c7b9071907eca75cf4fc36e385adf4a0a5f99ee62243e8", "asset_id": "100074770378634056601572485653252702850363676459996771990439989989293515601975", "price": "0.151", "size": "294", "side": "SELL", "timestamp": "1768573200114", "received_at": "2026-01-16T14:20:00.169914"}}
{"event_type": "price_change", "event_ts": "2026-01-16T14:20:00.169931", "ingestion_ts": "2026-01-16T14:20:56.869125", "market_id": "0xb9bbdd34304344dcc45803780a34c97d73a00133a5ecf70f63e1008b8abb2fca", "raw": {"market": "0xb9bbdd34304344dcc45803780a34c97d73a00133a5ecf70f63e1008b8abb2fca", "asset_id": "8682484153073832526711485265636767086525069344085206423986003504588877767339", "price": "0.839", "size": "0", "side": "BUY", "timestamp": "1768573200114", "received_at": "2026-01-16T14:20:00.169931"}}
{"event_type": "price_change", "event_ts": "2026-01-16T14:20:00.169931", "ingestion_ts": "2026-01-16T14:20:56.869125", "market_id": "0xb9bbdd34304344dcc45803780a34c97d73a00133a5ecf70f63e1008b8abb2fca", "raw": {"market": "0xb9bbdd34304344dcc45803780a34c97d73a00133a5ecf70f63e1008b8abb2fca", "asset_id": "72012724360700510767037780555710363830014634797787940282136454146828040926557", "price": "0.161", "size": "0", "side": "SELL", "timestamp": "1768573200114", "received_at": "2026-01-16T14:20:00.169931"}}
{"event_type": "price_change", "event_ts": "2026-01-16T14:20:00.194413", "ingestion_ts": "2026-01-16T14:20:56.869125", "market_id": "0x9472be65457510b7fc3477b20ba90910e99d92eac8421a14bf4b7b7a08ef31dc", "raw": {"market": "0x9472be65457510b7fc3477b20ba90910e99d92eac8421a14bf4b7b7a08ef31dc", "asset_id": "43311793366960417907757893276427136943959788721376762326430771171648759300146", "price": "0.859", "size": "10", "side": "BUY", "timestamp": "1768573200144", "received_at": "2026-01-16T14:20:00.194413"}}
{"event_type": "price_change", "event_ts": "2026-01-16T14:20:00.194413", "ingestion_ts": "2026-01-16T14:20:56.869125", "market_id": "0x9472be65457510b7fc3477b20ba90910e99d92eac8421a14bf4b7b7a08ef31dc", "raw": {"market": "0x9472be65457510b7fc3477b20ba90910e99d92eac8421a14bf4b7b7a08ef31dc", "asset_id": "73414222381656326204771753454630063673548497164758947581648273905027617570612", "price": "0.141", "size": "10", "side": "SELL", "timestamp": "1768573200144", "received_at": "2026-01-16T14:20:00.194413"}}
{"event_type": "price_change", "event_ts": "2026-01-16T14:20:00.194455", "ingestion_ts": "2026-01-16T14:20:56.869125", "market_id": "0xb9bbdd34304344dcc45803780a34c97d73a00133a5ecf70f63e1008b8abb2fca", "raw": {"market": "0xb9bbdd34304344dcc45803780a34c97d73a00133a5ecf70f63e1008b8abb2fca", "asset_id": "8682484153073832526711485265636767086525069344085206423986003504588877767339", "price": "0.851", "size": "568", "side": "BUY", "timestamp": "1768573200144", "received_at": "2026-01-16T14:20:00.194455"}}
{"event_type": "price_change", "event_ts": "2026-01-16T14:20:00.194455", "ingestion_ts": "2026-01-16T14:20:56.869125", "market_id": "0xb9bbdd34304344dcc45803780a34c97d73a00133a5ecf70f63e1008b8abb2fca", "raw": {"market": "0xb9bbdd34304344dcc45803780a34c97d73a00133a5ecf70f63e1008b8abb2fca", "asset_id": "72012724360700510767037780555710363830014634797787940282136454146828040926557", "price": "0.149", "size": "568", "side": "SELL", "timestamp": "1768573200144", "received_at": "2026-01-16T14:20:00.194455"}}
{"event_type": "price_change", "event_ts": "2026-01-16T14:20:00.194470", "ingestion_ts": "2026-01-16T14:20:56.869125", "market_id": "0xc55db914f0fd1fee18997706712c0dfd8d0369cdbef93a9fef12bd001914ca77", "raw": {"market": "0xc55db914f0fd1fee18997706712c0dfd8d0369cdbef93a9fef12bd001914ca77", "asset_id": "114600293444080540179603459515770723592661967180480327891296353898330242622833", "price": "0.86", "size": "10", "side": "BUY", "timestamp": "1768573200144", "received_at": "2026-01-16T14:20:00.194470"}}
{"event_type": "price_change", "event_ts": "2026-01-16T14:20:00.194470", "ingestion_ts": "2026-01-16T14:20:56.869125", "market_id": "0xc55db914f0fd1fee18997706712c0dfd8d0369cdbef93a9fef12bd001914ca77", "raw": {"market": "0xc55db914f0fd1fee18997706712c0dfd8d0369cdbef93a9fef12bd001914ca77", "asset_id": "72354723612769247426741660426331235762851940382312402276325808095604519806766", "price": "0.14", "size": "10", "side": "SELL", "timestamp": "1768573200144", "received_at": "2026-01-16T14:20:00.194470"}}
{"event_type": "price_change", "event_ts": "2026-01-16T14:20:00.194482", "ingestion_ts": "2026-01-16T14:20:56.869125", "market_id": "0x2393ed0b0fdc450054c7b9071907eca75cf4fc36e385adf4a0a5f99ee62243e8", "raw": {"market": "0x2393ed0b0fdc450054c7b9071907eca75cf4fc36e385adf4a0a5f99ee62243e8", "asset_id": "32769749367306925959219403371425714180265458150646381231272229429098460625924", "price": "0.85", "size": "10", "side": "BUY", "timestamp": "1768573200144", "received_at": "2026-01-16T14:20:00.194482"}}
{"event_type": "price_change", "event_ts": "2026-01-16T14:20:00.194482", "ingestion_ts": "2026-01-16T14:20:56.869125", "market_id": "0x2393ed0b0fdc450054c7b9071907eca75cf4fc36e385adf4a0a5f99ee62243e8", "raw": {"market": "0x2393ed0b0fdc450054c7b9071907eca75cf4fc36e385adf4a0a5f99ee62243e8", "asset_id": "100074770378634056601572485653252702850363676459996771990439989989293515601975", "price": "0.15", "size": "10", "side": "SELL", "timestamp": "1768573200144", "received_at": "2026-01-16T14:20:00.194482"}}
{"event_type": "price_change", "event_ts": "2026-01-16T14:20:01.585651", "ingestion_ts": "2026-01-16T14:20:56.869125", "market_id": "0xcab7ba4a9133cfd407d7e73e5757e5abbace413b59421527a31113406c97815c", "raw": {"market": "0xcab7ba4a9133cfd407d7e73e5757e5abbace413b59421527a31113406c97815c", "asset_id": "96361925776989336186111887920533578209326565663637092688733016597062311745569", "price": "0.002", "size": "30", "side": "BUY", "timestamp": "1768573201446", "received_at": "2026-01-16T14:20:01.585651"}}
{"event_type": "price_change", "event_ts": "2026-01-16T14:20:01.585651", "ingestion_ts": "2026-01-16T14:20:56.869125", "market_id": "0xcab7ba4a9133cfd407d7e73e5757e5abbace413b59421527a31113406c97815c", "raw": {"market": "0xcab7ba4a9133cfd407d7e73e5757e5abbace413b59421527a31113406c97815c", "asset_id": "20002636398944597965698652220992177552927816915094913583821579024925426590022", "price": "0.998", "size": "30", "side": "SELL", "timestamp": "1768573201446", "received_at": "2026-01-16T14:20:01.585651"}}
{"event_type": "price_change", "event_ts": "2026-01-16T14:20:01.943589", "ingestion_ts": "2026-01-16T14:20:56.869125", "market_id": "0x427bc4b40c09b3dcbc973747f0e4b079bed91b3e5a0aed5c36edd0f7591485f4", "raw": {"market": "0x427bc4b40c09b3dcbc973747f0e4b079bed91b3e5a0aed5c36edd0f7591485f4", "asset_id": "115669573443672055876643967408433138119481486650803218131873713375232186497057", "price": "0.002", "size": "99.32", "side": "BUY", "timestamp": "1768573201785", "received_at": "2026-01-16T14:20:01.943589"}}
{"event_type": "price_change", "event_ts": "2026-01-16T14:20:01.943589", "ingestion_ts": "2026-01-16T14:20:56.869125", "market_id": "0x427bc4b40c09b3dcbc973747f0e4b079bed91b3e5a0aed5c36edd0f7591485f4", "raw": {"market": "0x427bc4b40c09b3dcbc973747f0e4b079bed91b3e5a0aed5c36edd0f7591485f4", "asset_id": "86130975769502911188457673769190265049139877688522439001984850068234616395137", "price": "0.998", "size": "99.32", "side": "SELL", "timestamp": "1768573201785", "received_at": "2026-01-16T14:20:01.943589"}}
{"event_type": "price_change", "event_ts": "2026-01-16T14:20:01.943606", "ingestion_ts": "2026-01-16T14:20:56.869125", "market_id": "0x427bc4b40c09b3dcbc973747f0e4b079bed91b3e5a0aed5c36edd0f7591485f4", "raw": {"market": "0x427bc4b40c09b3dcbc973747f0e4b079bed91b3e5a0aed5c36edd0f7591485f4", "asset_id": "115669573443672055876643967408433138119481486650803218131873713375232186497057", "price": "0.003", "size": "0", "side": "BUY", "timestamp": "1768573201785", "received_at": "2026-01-16T14:20:01.943606"}}
{"event_type": "price_change", "event_ts": "2026-01-16T14:20:01.943606", "ingestion_ts": "2026-01-16T14:20:56.869125", "market_id": "0x427bc4b40c09b3dcbc973747f0e4b079bed91b3e5a0aed5c36edd0f7591485f4", "raw": {"market": "0x427bc4b40c09b3dcbc973747f0e4b079bed91b3e5a0aed5c36edd0f7591485f4", "asset_id": "86130975769502911188457673769190265049139877688522439001984850068234616395137", "price": "0.997", "size": "0", "side": "SELL", "timestamp": "1768573201785", "received_at": "2026-01-16T14:20:01.943606"}}
{"event_type": "price_change", "event_ts": "2026-01-16T14:20:01.943619", "ingestion_ts": "2026-01-16T14:20:56.869125", "market_id": "0x427bc4b40c09b3dcbc973747f0e4b079bed91b3e5a0aed5c36edd0f7591485f4", "raw": {"market": "0x427bc4b40c09b3dcbc973747f0e4b079bed91b3e5a0aed5c36edd0f7591485f4", "asset_id": "115669573443672055876643967408433138119481486650803218131873713375232186497057", "price": "0.007", "size": "0", "side": "BUY", "timestamp": "1768573201785", "received_at": "2026-01-16T14:20:01.943619"}}
{"event_type": "price_change", "event_ts": "2026-01-16T14:20:01.943619", "ingestion_ts": "2026-01-16T14:20:56.869125", "market_id": "0x427bc4b40c09b3dcbc973747f0e4b079bed91b3e5a0aed5c36edd0f7591485f4", "raw": {"market": "0x427bc4b40c09b3dcbc973747f0e4b079bed91b3e5a0aed5c36edd0f7591485f4", "asset_id": "86130975769502911188457673769190265049139877688522439001984850068234616395137", "price": "0.993", "size": "0", "side": "SELL", "timestamp": "1768573201785", "received_at": "2026-01-16T14:20:01.943619"}}
{"event_type": "price_change", "event_ts": "2026-01-16T14:20:01.943630", "ingestion_ts": "2026-01-16T14:20:56.869125", "market_id": "0x427bc4b40c09b3dcbc973747f0e4b079bed91b3e5a0aed5c36edd0f7591485f4", "raw": {"market": "0x427bc4b40c09b3dcbc973747f0e4b079bed91b3e5a0aed5c36edd0f7591485f4", "asset_id": "115669573443672055876643967408433138119481486650803218131873713375232186497057", "price": "0.008", "size": "0", "side": "BUY", "timestamp": "1768573201785", "received_at": "2026-01-16T14:20:01.943630"}}
{"event_type": "price_change", "event_ts": "2026-01-16T14:20:01.943630", "ingestion_ts": "2026-01-16T14:20:56.869125", "market_id": "0x427bc4b40c09b3dcbc973747f0e4b079bed91b3e5a0aed5c36edd0f7591485f4", "raw": {"market": "0x427bc4b40c09b3dcbc973747f0e4b079bed91b3e5a0aed5c36edd0f7591485f4", "asset_id": "86130975769502911188457673769190265049139877688522439001984850068234616395137", "price": "0.992", "size": "0", "side": "SELL", "timestamp": "1768573201785", "received_at": "2026-01-16T14:20:01.943630"}}
{"event_type": "price_change", "event_ts": "2026-01-16T14:20:02.042704", "ingestion_ts": "2026-01-16T14:20:56.869125", "market_id": "0x427bc4b40c09b3dcbc973747f0e4b079bed91b3e5a0aed5c36edd0f7591485f4", "raw": {"market": "0x427bc4b40c09b3dcbc973747f0e4b079bed91b3e5a0aed5c36edd0f7591485f4", "asset_id": "86130975769502911188457673769190265049139877688522439001984850068234616395137", "price": "0.818", "size": "46", "side": "BUY", "timestamp": "1768573201886", "received_at": "2026-01-16T14:20:02.042704"}}
{"event_type": "price_change", "event_ts": "2026-01-16T14:20:02.042704", "ingestion_ts": "2026-01-16T14:20:56.869125", "market_id": "0x427bc4b40c09b3dcbc973747f0e4b079bed91b3e5a0aed5c36edd0f7591485f4", "raw": {"market": "0x427bc4b40c09b3dcbc973747f0e4b079bed91b3e5a0aed5c36edd0f7591485f4", "asset_id": "115669573443672055876643967408433138119481486650803218131873713375232186497057", "price": "0.182", "size": "46", "side": "SELL", "timestamp": "1768573201886", "received_at": "2026-01-16T14:20:02.042704"}}
{"event_type": "price_change", "event_ts": "2026-01-16T14:20:02.343367", "ingestion_ts": "2026-01-16T14:20:56.869125", "market_id": "0x49686d26fb712515cd5e12c23f0a1c7e10214c7faa3cb0a730aabe0c33694082", "raw": {"market": "0x49686d26fb712515cd5e12c23f0a1c7e10214c7faa3cb0a730aabe0c33694082", "asset_id": "13244681086321087932946246027856416106585284024824496763706748621681543444582", "price": "0.853", "size": "45", "side": "BUY", "timestamp": "1768573202209", "received_at": "2026-01-16T14:20:02.343367"}}
{"event_type": "price_change", "event_ts": "2026-01-16T14:20:02.343367", "ingestion_ts": "2026-01-16T14:20:56.869125", "market_id": "0x49686d26fb712515cd5e12c23f0a1c7e10214c7faa3cb0a730aabe0c33694082", "raw": {"market": "0x49686d26fb712515cd5e12c23f0a1c7e10214c7faa3cb0a730aabe0c33694082", "asset_id": "30442780799048074404860985387051749017905070253466005720364298335239299761065", "price": "0.147", "size": "45", "side": "SELL", "timestamp": "1768573202209", "received_at": "2026-01-16T14:20:02.343367"}}
{"event_type": "price_change", "event_ts": "2026-01-16T14:20:02.391596", "ingestion_ts": "2026-01-16T14:20:56.869125", "market_id": "0x427bc4b40c09b3dcbc973747f0e4b079bed91b3e5a0aed5c36edd0f7591485f4", "raw": {"market": "0x427bc4b40c09b3dcbc973747f0e4b079bed91b3e5a0aed5c36edd0f7591485f4", "asset_id": "115669573443672055876643967408433138119481486650803218131873713375232186497057", "price": "0.006", "size": "27.14", "side": "BUY", "timestamp": "1768573202237", "received_at": "2026-01-16T14:20:02.391596"}}
{"event_type": "price_change", "event_ts": "2026-01-16T14:20:02.391596", "ingestion_ts": "2026-01-16T14:20:56.869125", "market_id": "0x427bc4b40c09b3dcbc973747f0e4b079bed91b3e5a0aed5c36edd0f7591485f4", "raw": {"market": "0x427bc4b40c09b3dcbc973747f0e4b079bed91b3e5a0aed5c36edd0f7591485f4", "asset_id": "86130975769502911188457673769190265049139877688522439001984850068234616395137", "price": "0.994", "size": "27.14", "side": "SELL", "timestamp": "1768573202237", "received_at": "2026-01-16T14:20:02.391596"}}
{"event_type": "price_change", "event_ts": "2026-01-16T14:20:02.391642", "ingestion_ts": "2026-01-16T14:20:56.869125", "market_id": "0x427bc4b40c09b3dcbc973747f0e4b079bed91b3e5a0aed5c36edd0f7591485f4", "raw": {"market": "0x427bc4b40c09b3dcbc973747f0e4b079bed91b3e5a0aed5c36edd0f7591485f4", "asset_id": "115669573443672055876643967408433138119481486650803218131873713375232186497057", "price": "0.003", "size": "9.08", "side": "BUY", "timestamp": "1768573202238", "received_at": "2026-01-16T14:20:02.391642"}}
{"event_type": "price_change", "event_ts": "2026-01-16T14:20:02.391642", "ingestion_ts": "2026-01-16T14:20:56.869125", "market_id": "0x427bc4b40c09b3dcbc973747f0e4b079bed91b3e5a0aed5c36edd0f7591485f4", "raw": {"market": "0x427bc4b40c09b3dcbc973747f0e4b079bed91b3e5a0aed5c36edd0f7591485f4", "asset_id": "86130975769502911188457673769190265049139877688522439001984850068234616395137", "price": "0.997", "size": "9.08", "side": "SELL", "timestamp": "1768573202238", "received_at": "2026-01-16T14:20:02.391642"}}
{"event_type": "price_change", "event_ts": "2026-01-16T14:20:02.391687", "ingestion_ts": "2026-01-16T14:20:56.869125", "market_id": "0x427bc4b40c09b3dcbc973747f0e4b079bed91b3e5a0aed5c36edd0f7591485f4", "raw": {"market": "0x427bc4b40c09b3dcbc973747f0e4b079bed91b3e5a0aed5c36edd0f7591485f4", "asset_id": "115669573443672055876643967408433138119481486650803218131873713375232186497057", "price": "0.008", "size": "6.97", "side": "BUY", "timestamp": "1768573202239", "received_at": "2026-01-16T14:20:02.391687"}}
{"event_type": "price_change", "event_ts": "2026-01-16T14:20:02.391687", "ingestion_ts": "2026-01-16T14:20:56.869125", "market_id": "0x427bc4b40c09b3dcbc973747f0e4b079bed91b3e5a0aed5c36edd0f7591485f4", "raw": {"market": "0x427bc4b40c09b3dcbc973747f0e4b079bed91b3e5a0aed5c36edd0f7591485f4", "asset_id": "86130975769502911188457673769190265049139877688522439001984850068234616395137", "price": "0.992", "size": "6.97", "side": "SELL", "timestamp": "1768573202239", "received_at": "2026-01-16T14:20:02.391687"}}
{"event_type": "price_change", "event_ts": "2026-01-16T14:20:02.400843", "ingestion_ts": "2026-01-16T14:20:56.869125", "market_id": "0x49686d26fb712515cd5e12c23f0a1c7e10214c7faa3cb0a730aabe0c33694082", "raw": {"market": "0x49686d26fb712515cd5e12c23f0a1c7e10214c7faa3cb0a730aabe0c33694082", "asset_id": "13244681086321087932946246027856416106585284024824496763706748621681543444582", "price": "0.854", "size": "23.35", "side": "BUY", "timestamp": "1768573202254", "received_at": "2026-01-16T14:20:02.400843"}}
{"event_type": "price_change", "event_ts": "2026-01-16T14:20:02.400843", "ingestion_ts": "2026-01-16T14:20:56.869125", "market_id": "0x49686d26fb712515cd5e12c23f0a1c7e10214c7faa3cb0a730aabe0c33694082", "raw": {"market": "0x49686d26fb712515cd5e12c23f0a1c7e10214c7faa3cb0a730aabe0c33694082", "asset_id": "30442780799048074404860985387051749017905070253466005720364298335239299761065", "price": "0.146", "size": "23.35", "side": "SELL", "timestamp": "1768573202254", "received_at": "2026-01-16T14:20:02.400843"}}
{"event_type": "price_change", "event_ts": "2026-01-16T14:20:02.448004", "ingestion_ts": "2026-01-16T14:20:56.869125", "market_id": "0x427bc4b40c09b3dcbc973747f0e4b079bed91b3e5a0aed5c36edd0f7591485f4", "raw": {"market": "0x427bc4b40c09b3dcbc973747f0e4b079bed91b3e5a0aed5c36edd0f7591485f4", "asset_id": "86130975769502911188457673769190265049139877688522439001984850068234616395137", "price": "0.993", "size": "35", "side": "SELL", "timestamp": "1768573202294", "received_at": "2026-01-16T14:20:02.448004"}}
{"event_type": "price_change", "event_ts": "2026-01-16T14:20:02.448004", "ingestion_ts": "2026-01-16T14:20:56.869125", "market_id": "0x427bc4b40c09b3dcbc973747f0e4b079bed91b3e5a0aed5c36edd0f7591485f4", "raw": {"market": "0x427bc4b40c09b3dcbc973747f0e4b079bed91b3e5a0aed5c36edd0f7591485f4", "asset_id": "115669573443672055876643967408433138119481486650803218131873713375232186497057", "price": "0.007", "size": "35", "side": "BUY", "timestamp": "1768573202294", "received_at": "2026-01-16T14:20:02.448004"}}
{"event_type": "price_change", "event_ts": "2026-01-16T14:20:02.657181", "ingestion_ts": "2026-01-16T14:20:56.869125", "market_id": "0x44f08744458b8896620cd3330bc5e1ea69df4199b02d4fc583b3fc96e5d314ce", "raw": {"market": "0x44f08744458b8896620cd3330bc5e1ea69df4199b02d4fc583b3fc96e5d314ce", "asset_id": "72327831507226612545928776794104143393438710920370371172884559893525100761096", "price": "0.903", "size": "0", "side": "BUY", "timestamp": "1768573202541", "received_at": "2026-01-16T14:20:02.657181"}}
{"event_type": "price_change", "event_ts": "2026-01-16T14:20:02.657181", "ingestion_ts": "2026-01-16T14:20:56.869125", "market_id": "0x44f08744458b8896620cd3330bc5e1ea69df4199b02d4fc583b3fc96e5d314ce", "raw": {"market": "0x44f08744458b8896620cd3330bc5e1ea69df4199b02d4fc583b3fc96e5d314ce", "asset_id": "49194009556504828848509244326501559253829462790583873936160989575507522044057", "price": "0.097", "size": "0", "side": "SELL", "timestamp": "1768573202541", "received_at": "2026-01-16T14:20:02.657181"}}
{"event_type": "price_change", "event_ts": "2026-01-16T14:20:02.657234", "ingestion_ts": "2026-01-16T14:20:56.869125", "market_id": "0x2393ed0b0fdc450054c7b9071907eca75cf4fc36e385adf4a0a5f99ee62243e8", "raw": {"market": "0x2393ed0b0fdc450054c7b9071907eca75cf4fc36e385adf4a0a5f99ee62243e8", "asset_id": "32769749367306925959219403371425714180265458150646381231272229429098460625924", "price": "0.897", "size": "0", "side": "BUY", "timestamp": "1768573202541", "received_at": "2026-01-16T14:20:02.657234"}}
{"event_type": "price_change", "event_ts": "2026-01-16T14:20:02.657234", "ingestion_ts": "2026-01-16T14:20:56.869125", "market_id": "0x2393ed0b0fdc450054c7b9071907eca75cf4fc36e385adf4a0a5f99ee62243e8", "raw": {"market": "0x2393ed0b0fdc450054c7b9071907eca75cf4fc36e385adf4a0a5f99ee62243e8", "asset_id": "100074770378634056601572485653252702850363676459996771990439989989293515601975", "price": "0.103", "size": "0", "side": "SELL", "timestamp": "1768573202541", "received_at": "2026-01-16T14:20:02.657234"}}
{"event_type": "price_change", "event_ts": "2026-01-16T14:20:02.657249", "ingestion_ts": "2026-01-16T14:20:56.869125", "market_id": "0xc55db914f0fd1fee18997706712c0dfd8d0369cdbef93a9fef12bd001914ca77", "raw": {"market": "0xc55db914f0fd1fee18997706712c0dfd8d0369cdbef93a9fef12bd001914ca77", "asset_id": "114600293444080540179603459515770723592661967180480327891296353898330242622833", "price": "0.907", "size": "0", "side": "BUY", "timestamp": "1768573202541", "received_at": "2026-01-16T14:20:02.657249"}}
{"event_type": "price_change", "event_ts": "2026-01-16T14:20:02.657249", "ingestion_ts": "2026-01-16T14:20:56.869125", "market_id": "0xc55db914f0fd1fee18997706712c0dfd8d0369cdbef93a9fef12bd001914ca77", "raw": {"market": "0xc55db914f0fd1fee18997706712c0dfd8d0369cdbef93a9fef12bd001914ca77", "asset_id": "72354723612769247426741660426331235762851940382312402276325808095604519806766", "price": "0.093", "size": "0", "side": "SELL", "timestamp": "1768573202541", "received_at": "2026-01-16T14:20:02.657249"}}
{"event_type": "price_change", "event_ts": "2026-01-16T14:20:02.657261", "ingestion_ts": "2026-01-16T14:20:56.869125", "market_id": "0xaf9d0e448129a9f657f851d49495ba4742055d80e0ef1166ba0ee81d4d594214", "raw": {"market": "0xaf9d0e448129a9f657f851d49495ba4742055d80e0ef1166ba0ee81d4d594214", "asset_id": "4153292802911610701832309484716814274802943278345248636922528170020319407796", "price": "0.884", "size": "0", "side": "BUY", "timestamp": "1768573202541", "received_at": "2026-01-16T14:20:02.657261"}}
{"event_type": "price_change", "event_ts": "2026-01-16T14:20:02.657261", "ingestion_ts": "2026-01-16T14:20:56.869125", "market_id": "0xaf9d0e448129a9f657f851d49495ba4742055d80e0ef1166ba0ee81d4d594214", "raw": {"market": "0xaf9d0e448129a9f657f851d49495ba4742055d80e0ef1166ba0ee81d4d594214", "asset_id": "101676997363687199724245607342877036148401850938023978421879460310389391082353", "price": "0.116", "size": "0", "side": "SELL", "timestamp": "1768573202541", "received_at": "2026-01-16T14:20:02.657261"}}
{"event_type": "price_change", "event_ts": "2026-01-16T14:20:03.457560", "ingestion_ts": "2026-01-16T14:20:56.869125", "market_id": "0x49686d26fb712515cd5e12c23f0a1c7e10214c7faa3cb0a730aabe0c33694082", "raw": {"market": "0x49686d26fb712515cd5e12c23f0a1c7e10214c7faa3cb0a730aabe0c33694082", "asset_id": "13244681086321087932946246027856416106585284024824496763706748621681543444582", "price": "0.192", "size": "0", "side": "BUY", "timestamp": "1768573202742", "received_at": "2026-01-16T14:20:03.457560"}}
{"event_type": "price_change", "event_ts": "2026-01-16T14:20:03.457560", "ingestion_ts": "2026-01-16T14:20:56.869125", "market_id": "0x49686d26fb712515cd5e12c23f0a1c7e10214c7faa3cb0a730aabe0c33694082", "raw": {"market": "0x49686d26fb712515cd5e12c23f0a1c7e10214c7faa3cb0a730aabe0c33694082", "asset_id": "30442780799048074404860985387051749017905070253466005720364298335239299761065", "price": "0.808", "size": "0", "side": "SELL", "timestamp": "1768573202742", "received_at": "2026-01-16T14:20:03.457560"}}
{"event_type": "price_change", "event_ts": "2026-01-16T14:20:03.862158", "ingestion_ts": "2026-01-16T14:20:56.869125", "market_id": "0x427bc4b40c09b3dcbc973747f0e4b079bed91b3e5a0aed5c36edd0f7591485f4", "raw": {"market": "0x427bc4b40c09b3dcbc973747f0e4b079bed91b3e5a0aed5c36edd0f7591485f4", "asset_id": "115669573443672055876643967408433138119481486650803218131873713375232186497057", "price": "0.183", "size": "0", "side": "SELL", "timestamp": "1768573202829", "received_at": "2026-01-16T14:20:03.862158"}}
{"event_type": "price_change", "event_ts": "2026-01-16T14:20:03.862158", "ingestion_ts": "2026-01-16T14:20:56.869125", "market_id": "0x427bc4b40c09b3dcbc973747f0e4b079bed91b3e5a0aed5c36edd0f7591485f4", "raw": {"market": "0x427bc4b40c09b3dcbc973747f0e4b079bed91b3e5a0aed5c36edd0f7591485f4", "asset_id": "86130975769502911188457673769190265049139877688522439001984850068234616395137", "price": "0.817", "size": "0", "side": "BUY", "timestamp": "1768573202829", "received_at": "2026-01-16T14:20:03.862158"}}
{"event_type": "price_change", "event_ts": "2026-01-16T14:20:03.865224", "ingestion_ts": "2026-01-16T14:20:56.869125", "market_id": "0x427bc4b40c09b3dcbc973747f0e4b079bed91b3e5a0aed5c36edd0f7591485f4", "raw": {"market": "0x427bc4b40c09b3dcbc973747f0e4b079bed91b3e5a0aed5c36edd0f7591485f4", "asset_id": "115669573443672055876643967408433138119481486650803218131873713375232186497057", "price": "0.184", "size": "0", "side": "SELL", "timestamp": "1768573202829", "received_at": "2026-01-16T14:20:03.865224"}}
{"event_type": "price_change", "event_ts": "2026-01-16T14:20:03.865224", "ingestion_ts": "2026-01-16T14:20:56.869125", "market_id": "0x427bc4b40c09b3dcbc973747f0e4b079bed91b3e5a0aed5c36edd0f7591485f4", "raw": {"market": "0x427bc4b40c09b3dcbc973747f0e4b079bed91b3e5a0aed5c36edd0f7591485f4", "asset_id": "86130975769502911188457673769190265049139877688522439001984850068234616395137", "price": "0.816", "size": "0", "side": "BUY", "timestamp": "1768573202829", "received_at": "2026-01-16T14:20:03.865224"}}
{"event_type": "price_change", "event_ts": "2026-01-16T14:20:03.865263", "ingestion_ts": "2026-01-16T14:20:56.869125", "market_id": "0x427bc4b40c09b3dcbc973747f0e4b079bed91b3e5a0aed5c36edd0f7591485f4", "raw": {"market": "0x427bc4b40c09b3dcbc973747f0e4b079bed91b3e5a0aed5c36edd0f7591485f4", "asset_id": "115669573443672055876643967408433138119481486650803218131873713375232186497057", "price": "0.47", "size": "57.64", "side": "SELL", "timestamp": "1768573202829", "received_at": "2026-01-16T14:20:03.865263"}}
{"event_type": "price_change", "event_ts": "2026-01-16T14:20:03.865263", "ingestion_ts": "2026-01-16T14:20:56.869125", "market_id": "0x427bc4b40c09b3dcbc973747f0e4b079bed91b3e5a0aed5c36edd0f7591485f4", "raw": {"market": "0x427bc4b40c09b3dcbc973747f0e4b079bed91b3e5a0aed5c36edd0f7591485f4", "asset_id": "86130975769502911188457673769190265049139877688522439001984850068234616395137", "price": "0.53", "size": "57.64", "side": "BUY", "timestamp": "1768573202829", "received_at": "2026-01-16T14:20:03.865263"}}
{"event_type": "price_change", "event_ts": "2026-01-16T14:20:04.135296", "ingestion_ts": "2026-01-16T14:20:56.869125", "market_id": "0x427bc4b40c09b3dcbc973747f0e4b079bed91b3e5a0aed5c36edd0f7591485f4", "raw": {"market": "0x427bc4b40c09b3dcbc973747f0e4b079bed91b3e5a0aed5c36edd0f7591485f4", "asset_id": "86130975769502911188457673769190265049139877688522439001984850068234616395137", "price": "0.818", "size": "0", "side": "BUY", "timestamp": "1768573202972", "received_at": "2026-01-16T14:20:04.135296"}}
{"event_type": "price_change", "event_ts": "2026-01-16T14:20:04.135296", "ingestion_ts": "2026-01-16T14:20:56.869125", "market_id": "0x427bc4b40c09b3dcbc973747f0e4b079bed91b3e5a0aed5c36edd0f7591485f4", "raw": {"market": "0x427bc4b40c09b3dcbc973747f0e4b079bed91b3e5a0aed5c36edd0f7591485f4", "asset_id": "115669573443672055876643967408433138119481486650803218131873713375232186497057", "price": "0.182", "size": "0", "side": "SELL", "timestamp": "1768573202972", "received_at": "2026-01-16T14:20:04.135296"}}
{"event_type": "price_change", "event_ts": "2026-01-16T14:20:04.135979", "ingestion_ts": "2026-01-16T14:20:56.869125", "market_id": "0x49686d26fb712515cd5e12c23f0a1c7e10214c7faa3cb0a730aabe0c33694082", "raw": {"market": "0x49686d26fb712515cd5e12c23f0a1c7e10214c7faa3cb0a730aabe0c33694082", "asset_id": "13244681086321087932946246027856416106585284024824496763706748621681543444582", "price": "0.141", "size": "100", "side": "BUY", "timestamp": "1768573202954", "received_at": "2026-01-16T14:20:04.135979"}}
{"event_type": "price_change", "event_ts": "2026-01-16T14:20:04.135979", "ingestion_ts": "2026-01-16T14:20:56.869125", "market_id": "0x49686d26fb712515cd5e12c23f0a1c7e10214c7faa3cb0a730aabe0c33694082", "raw": {"market": "0x49686d26fb712515cd5e12c23f0a1c7e10214c7faa3cb0a730aabe0c33694082", "asset_id": "30442780799048074404860985387051749017905070253466005720364298335239299761065", "price": "0.859", "size": "100", "side": "SELL", "timestamp": "1768573202954", "received_at": "2026-01-16T14:20:04.135979"}}
{"event_type": "price_change", "event_ts": "2026-01-16T14:20:04.479092", "ingestion_ts": "2026-01-16T14:20:56.869125", "market_id": "0x2393ed0b0fdc450054c7b9071907eca75cf4fc36e385adf4a0a5f99ee62243e8", "raw": {"market": "0x2393ed0b0fdc450054c7b9071907eca75cf4fc36e385adf4a0a5f99ee62243e8", "asset_id": "32769749367306925959219403371425714180265458150646381231272229429098460625924", "price": "0.944", "size": "50", "side": "BUY", "timestamp": "1768573203044", "received_at": "2026-01-16T14:20:04.479092"}}
{"event_type": "price_change", "event_ts": "2026-01-16T14:20:04.479092", "ingestion_ts": "2026-01-16T14:20:56.869125", "market_id": "0x2393ed0b0fdc450054c7b9071907eca75cf4fc36e385adf4a0a5f99ee62243e8", "raw": {"market": "0x2393ed0b0fdc450054c7b9071907eca75cf4fc36e385adf4a0a5f99ee62243e8", "asset_id": "100074770378634056601572485653252702850363676459996771990439989989293515601975", "price": "0.056", "size": "50", "side": "SELL", "timestamp": "1768573203044", "received_at": "2026-01-16T14:20:04.479092"}}
{"event_type": "price_change", "event_ts": "2026-01-16T14:20:04.573448", "ingestion_ts": "2026-01-16T14:20:56.869125", "market_id": "0x49686d26fb712515cd5e12c23f0a1c7e10214c7faa3cb0a730aabe0c33694082", "raw": {"market": "0x49686d26fb712515cd5e12c23f0a1c7e10214c7faa3cb0a730aabe0c33694082", "asset_id": "13244681086321087932946246027856416106585284024824496763706748621681543444582", "price": "0.097", "size": "300", "side": "BUY", "timestamp": "1768573203075", "received_at": "2026-01-16T14:20:04.573448"}}
{"event_type": "price_change", "event_ts": "2026-01-16T14:20:04.573448", "ingestion_ts": "2026-01-16T14:20:56.869125", "market_id": "0x49686d26fb712515cd5e12c23f0a1c7e10214c7faa3cb0a730aabe0c33694082", "raw": {"market": "0x49686d26fb712515cd5e12c23f0a1c7e10214c7faa3cb0a730aabe0c33694082", "asset_id": "30442780799048074404860985387051749017905070253466005720364298335239299761065", "price": "0.903", "size": "300", "side": "SELL", "timestamp": "1768573203075", "received_at": "2026-01-16T14:20:04.573448"}}
{"event_type": "price_change", "event_ts": "2026-01-16T14:20:04.760204", "ingestion_ts": "2026-01-16T14:20:56.869125", "market_id": "0x2393ed0b0fdc450054c7b9071907eca75cf4fc36e385adf4a0a5f99ee62243e8", "raw": {"market": "0x2393ed0b0fdc450054c7b9071907eca75cf4fc36e385adf4a0a5f99ee62243e8", "asset_id": "32769749367306925959219403371425714180265458150646381231272229429098460625924", "price": "0.898", "size": "7.37", "side": "BUY", "timestamp": "1768573203103", "received_at": "2026-01-16T14:20:04.760204"}}
{"event_type": "price_change", "event_ts": "2026-01-16T14:20:04.760204", "ingestion_ts": "2026-01-16T14:20:56.869125", "market_id": "0x2393ed0b0fdc450054c7b9071907eca75cf4fc36e385adf4a0a5f99ee62243e8", "raw": {"market": "0x2393ed0b0fdc450054c7b9071907eca75cf4fc36e385adf4a0a5f99ee62243e8", "asset_id": "100074770378634056601572485653252702850363676459996771990439989989293515601975", "price": "0.102", "size": "7.37", "side": "SELL", "timestamp": "1768573203103", "received_at": "2026-01-16T14:20:04.760204"}}
{"event_type": "price_change", "event_ts": "2026-01-16T14:20:04.766788", "ingestion_ts": "2026-01-16T14:20:56.869125", "market_id": "0xaf9d0e448129a9f657f851d49495ba4742055d80e0ef1166ba0ee81d4d594214", "raw": {"market": "0xaf9d0e448129a9f657f851d49495ba4742055d80e0ef1166ba0ee81d4d594214", "asset_id": "4153292802911610701832309484716814274802943278345248636922528170020319407796", "price": "0.886", "size": "222.7", "side": "BUY", "timestamp": "1768573203103", "received_at": "2026-01-16T14:20:04.766788"}}
{"event_type": "price_change", "event_ts": "2026-01-16T14:20:04.766788", "ingestion_ts": "2026-01-16T14:20:56.869125", "market_id": "0xaf9d0e448129a9f657f851d49495ba4742055d80e0ef1166ba0ee81d4d594214", "raw": {"market": "0xaf9d0e448129a9f657f851d49495ba4742055d80e0ef1166ba0ee81d4d594214", "asset_id": "101676997363687199724245607342877036148401850938023978421879460310389391082353", "price": "0.114", "size": "222.7", "side": "SELL", "timestamp": "1768573203103", "received_at": "2026-01-16T14:20:04.766788"}}
{"event_type": "price_change", "event_ts": "2026-01-16T14:20:04.770421", "ingestion_ts": "2026-01-16T14:20:56.869125", "market_id": "0xc55db914f0fd1fee18997706712c0dfd8d0369cdbef93a9fef12bd001914ca77", "raw": {"market": "0xc55db914f0fd1fee18997706712c0dfd8d0369cdbef93a9fef12bd001914ca77", "asset_id": "114600293444080540179603459515770723592661967180480327891296353898330242622833", "price": "0.908", "size": "7.37", "side": "BUY", "timestamp": "1768573203104", "received_at": "2026-01-16T14:20:04.770421"}}
{"event_type": "price_change", "event_ts": "2026-01-16T14:20:04.770421", "ingestion_ts": "2026-01-16T14:20:56.869125", "market_id": "0xc55db914f0fd1fee18997706712c0dfd8d0369cdbef93a9fef12bd001914ca77", "raw": {"market": "0xc55db914f0fd1fee18997706712c0dfd8d0369cdbef93a9fef12bd001914ca77", "asset_id": "72354723612769247426741660426331235762851940382312402276325808095604519806766", "price": "0.092", "size": "7.37", "side": "SELL", "timestamp": "1768573203104", "received_at": "2026-01-16T14:20:04.770421"}}
{"event_type": "price_change", "event_ts": "2026-01-16T14:20:04.780193", "ingestion_ts": "2026-01-16T14:20:56.869125", "market_id": "0x44f08744458b8896620cd3330bc5e1ea69df4199b02d4fc583b3fc96e5d314ce", "raw": {"market": "0x44f08744458b8896620cd3330bc5e1ea69df4199b02d4fc583b3fc96e5d314ce", "asset_id": "72327831507226612545928776794104143393438710920370371172884559893525100761096", "price": "0.904", "size": "22.91", "side": "BUY", "timestamp": "1768573203104", "received_at": "2026-01-16T14:20:04.780193"}}
{"event_type": "price_change", "event_ts": "2026-01-16T14:20:04.780193", "ingestion_ts": "2026-01-16T14:20:56.869125", "market_id": "0x44f08744458b8896620cd3330bc5e1ea69df4199b02d4fc583b3fc96e5d314ce", "raw": {"market": "0x44f08744458b8896620cd3330bc5e1ea69df4199b02d4fc583b3fc96e5d314ce", "asset_id": "49194009556504828848509244326501559253829462790583873936160989575507522044057", "price": "0.096", "size": "22.91", "side": "SELL", "timestamp": "1768573203104", "received_at": "2026-01-16T14:20:04.780193"}}
{"event_type": "price_change", "event_ts": "2026-01-16T14:20:05.014773", "ingestion_ts": "2026-01-16T14:20:56.869125", "market_id": "0x2393ed0b0fdc450054c7b9071907eca75cf4fc36e385adf4a0a5f99ee62243e8", "raw": {"market": "0x2393ed0b0fdc450054c7b9071907eca75cf4fc36e385adf4a0a5f99ee62243e8", "asset_id": "32769749367306925959219403371425714180265458150646381231272229429098460625924", "price": "0.942", "size": "0", "side": "BUY", "timestamp": "1768573203375", "received_at": "2026-01-16T14:20:05.014773"}}
{"event_type": "price_change", "event_ts": "2026-01-16T14:20:05.014773", "ingestion_ts": "2026-01-16T14:20:56.869125", "market_id": "0x2393ed0b0fdc450054c7b9071907eca75cf4fc36e385adf4a0a5f99ee62243e8", "raw": {"market": "0x2393ed0b0fdc450054c7b9071907eca75cf4fc36e385adf4a0a5f99ee62243e8", "asset_id": "100074770378634056601572485653252702850363676459996771990439989989293515601975", "price": "0.058", "size": "0", "side": "SELL", "timestamp": "1768573203375", "received_at": "2026-01-16T14:20:05.014773"}}
{"event_type": "price_change", "event_ts": "2026-01-16T14:20:05.022585", "ingestion_ts": "2026-01-16T14:20:56.869125", "market_id": "0x427bc4b40c09b3dcbc973747f0e4b079bed91b3e5a0aed5c36edd0f7591485f4", "raw": {"market": "0x427bc4b40c09b3dcbc973747f0e4b079bed91b3e5a0aed5c36edd0f7591485f4", "asset_id": "115669573443672055876643967408433138119481486650803218131873713375232186497057", "price": "0.181", "size": "16.28", "side": "SELL", "timestamp": "1768573203392", "received_at": "2026-01-16T14:20:05.022585"}}
{"event_type": "price_change", "event_ts": "2026-01-16T14:20:05.022585", "ingestion_ts": "2026-01-16T14:20:56.869125", "market_id": "0x427bc4b40c09b3dcbc973747f0e4b079bed91b3e5a0aed5c36edd0f7591485f4", "raw": {"market": "0x427bc4b40c09b3dcbc973747f0e4b079bed91b3e5a0aed5c36edd0f7591485f4", "asset_id": "86130975769502911188457673769190265049139877688522439001984850068234616395137", "price": "0.819", "size": "16.28", "side": "BUY", "timestamp": "1768573203392", "received_at": "2026-01-16T14:20:05.022585"}}
{"event_type": "price_change", "event_ts": "2026-01-16T14:20:05.023795", "ingestion_ts": "2026-01-16T14:20:56.869125", "market_id": "0x427bc4b40c09b3dcbc973747f0e4b079bed91b3e5a0aed5c36edd0f7591485f4", "raw": {"market": "0x427bc4b40c09b3dcbc973747f0e4b079bed91b3e5a0aed5c36edd0f7591485f4", "asset_id": "115669573443672055876643967408433138119481486650803218131873713375232186497057", "price": "0.181", "size": "32.56", "side": "SELL", "timestamp": "1768573203394", "received_at": "2026-01-16T14:20:05.023795"}}
{"event_type": "price_change", "event_ts": "2026-01-16T14:20:05.023795", "ingestion_ts": "2026-01-16T14:20:56.869125", "market_id": "0x427bc4b40c09b3dcbc973747f0e4b079bed91b3e5a0aed5c36edd0f7591485f4", "raw": {"market": "0x427bc4b40c09b3dcbc973747f0e4b079bed91b3e5a0aed5c36edd0f7591485f4", "asset_id": "86130975769502911188457673769190265049139877688522439001984850068234616395137", "price": "0.819", "size": "32.56", "side": "BUY", "timestamp": "1768573203394", "received_at": "2026-01-16T14:20:05.023795"}}
{"event_type": "price_change", "event_ts": "2026-01-16T14:20:05.024128", "ingestion_ts": "2026-01-16T14:20:56.869125", "market_id": "0x427bc4b40c09b3dcbc973747f0e4b079bed91b3e5a0aed5c36edd0f7591485f4", "raw": {"market": "0x427bc4b40c09b3dcbc973747f0e4b079bed91b3e5a0aed5c36edd0f7591485f4", "asset_id": "115669573443672055876643967408433138119481486650803218131873713375232186497057", "price": "0.182", "size": "7.81", "side": "SELL", "timestamp": "1768573203395", "received_at": "2026-01-16T14:20:05.024128"}}
{"event_type": "price_change", "event_ts": "2026-01-16T14:20:05.024128", "ingestion_ts": "2026-01-16T14:20:56.869125", "market_id": "0x427bc4b40c09b3dcbc973747f0e4b079bed91b3e5a0aed5c36edd0f7591485f4", "raw": {"market": "0x427bc4b40c09b3dcbc973747f0e4b079bed91b3e5a0aed5c36edd0f7591485f4", "asset_id": "86130975769502911188457673769190265049139877688522439001984850068234616395137", "price": "0.818", "size": "7.81", "side": "BUY", "timestamp": "1768573203395", "received_at": "2026-01-16T14:20:05.024128"}}
{"event_type": "price_change", "event_ts": "2026-01-16T14:20:05.025862", "ingestion_ts": "2026-01-16T14:20:56.869125", "market_id": "0x427bc4b40c09b3dcbc973747f0e4b079bed91b3e5a0aed5c36edd0f7591485f4", "raw": {"market": "0x427bc4b40c09b3dcbc973747f0e4b079bed91b3e5a0aed5c36edd0f7591485f4", "asset_id": "115669573443672055876643967408433138119481486650803218131873713375232186497057", "price": "0.182", "size": "15.62", "side": "SELL", "timestamp": "1768573203396", "received_at": "2026-01-16T14:20:05.025862"}}
{"event_type": "price_change", "event_ts": "2026-01-16T14:20:05.025862", "ingestion_ts": "2026-01-16T14:20:56.869125", "market_id": "0x427bc4b40c09b3dcbc973747f0e4b079bed91b3e5a0aed5c36edd0f7591485f4", "raw": {"market": "0x427bc4b40c09b3dcbc973747f0e4b079bed91b3e5a0aed5c36edd0f7591485f4", "asset_id": "86130975769502911188457673769190265049139877688522439001984850068234616395137", "price": "0.818", "size": "15.62", "side": "BUY", "timestamp": "1768573203396", "received_at": "2026-01-16T14:20:05.025862"}}
{"event_type": "price_change", "event_ts": "2026-01-16T14:20:05.088245", "ingestion_ts": "2026-01-16T14:20:56.869125", "market_id": "0x427bc4b40c09b3dcbc973747f0e4b079bed91b3e5a0aed5c36edd0f7591485f4", "raw": {"market": "0x427bc4b40c09b3dcbc973747f0e4b079bed91b3e5a0aed5c36edd0f7591485f4", "asset_id": "86130975769502911188457673769190265049139877688522439001984850068234616395137", "price": "0.993", "size": "0", "side": "SELL", "timestamp": "1768573203461", "received_at": "2026-01-16T14:20:05.088245"}}
{"event_type": "price_change", "event_ts": "2026-01-16T14:20:05.088245", "ingestion_ts": "2026-01-16T14:20:56.869125", "market_id": "0x427bc4b40c09b3dcbc973747f0e4b079bed91b3e5a0aed5c36edd0f7591485f4", "raw": {"market": "0x427bc4b40c09b3dcbc973747f0e4b079bed91b3e5a0aed5c36edd0f7591485f4", "asset_id": "115669573443672055876643967408433138119481486650803218131873713375232186497057", "price": "0.007", "size": "0", "side": "BUY", "timestamp": "1768573203461", "received_at": "2026-01-16T14:20:05.088245"}}
{"event_type": "price_change", "event_ts": "2026-01-16T14:20:05.206435", "ingestion_ts": "2026-01-16T14:20:56.869125", "market_id": "0x49686d26fb712515cd5e12c23f0a1c7e10214c7faa3cb0a730aabe0c33694082", "raw": {"market": "0x49686d26fb712515cd5e12c23f0a1c7e10214c7faa3cb0a730aabe0c33694082", "asset_id": "30442780799048074404860985387051749017905070253466005720364298335239299761065", "price": "0.146", "size": "5.85", "side": "SELL", "timestamp": "1768573203682", "received_at": "2026-01-16T14:20:05.206435"}}
{"event_type": "price_change", "event_ts": "2026-01-16T14:20:05.206435", "ingestion_ts": "2026-01-16T14:20:56.869125", "market_id": "0x49686d26fb712515cd5e12c23f0a1c7e10214c7faa3cb0a730aabe0c33694082", "raw": {"market": "0x49686d26fb712515cd5e12c23f0a1c7e10214c7faa3cb0a730aabe0c33694082", "asset_id": "13244681086321087932946246027856416106585284024824496763706748621681543444582", "price": "0.854", "size": "5.85", "side": "BUY", "timestamp": "1768573203682", "received_at": "2026-01-16T14:20:05.206435"}}
{"event_type": "price_change", "event_ts": "2026-01-16T14:20:05.263910", "ingestion_ts": "2026-01-16T14:20:56.869125", "market_id": "0x49686d26fb712515cd5e12c23f0a1c7e10214c7faa3cb0a730aabe0c33694082", "raw": {"market": "0x49686d26fb712515cd5e12c23f0a1c7e10214c7faa3cb0a730aabe0c33694082", "asset_id": "30442780799048074404860985387051749017905070253466005720364298335239299761065", "price": "0.148", "size": "17.5", "side": "SELL", "timestamp": "1768573203773", "received_at": "2026-01-16T14:20:05.263910"}}
{"event_type": "price_change", "event_ts": "2026-01-16T14:20:05.263910", "ingestion_ts": "2026-01-16T14:20:56.869125", "market_id": "0x49686d26fb712515cd5e12c23f0a1c7e10214c7faa3cb0a730aabe0c33694082", "raw": {"market": "0x49686d26fb712515cd5e12c23f0a1c7e10214c7faa3cb0a730aabe0c33694082", "asset_id": "13244681086321087932946246027856416106585284024824496763706748621681543444582", "price": "0.852", "size": "17.5", "side": "BUY", "timestamp": "1768573203773", "received_at": "2026-01-16T14:20:05.263910"}}
{"event_type": "price_change", "event_ts": "2026-01-16T14:20:05.647265", "ingestion_ts": "2026-01-16T14:20:56.869125", "market_id": "0x2393ed0b0fdc450054c7b9071907eca75cf4fc36e385adf4a0a5f99ee62243e8", "raw": {"market": "0x2393ed0b0fdc450054c7b9071907eca75cf4fc36e385adf4a0a5f99ee62243e8", "asset_id": "100074770378634056601572485653252702850363676459996771990439989989293515601975", "price": "0.057", "size": "0", "side": "SELL", "timestamp": "1768573204338", "received_at": "2026-01-16T14:20:05.647265"}}
{"event_type": "price_change", "event_ts": "2026-01-16T14:20:05.647265", "ingestion_ts": "2026-01-16T14:20:56.869125", "market_id": "0x2393ed0b0fdc450054c7b9071907eca75cf4fc36e385adf4a0a5f99ee62243e8", "raw": {"market": "0x2393ed0b0fdc450054c7b9071907eca75cf4fc36e385adf4a0a5f99ee62243e8", "asset_id": "32769749367306925959219403371425714180265458150646381231272229429098460625924", "price": "0.943", "size": "0", "side": "BUY", "timestamp": "1768573204338", "received_at": "2026-01-16T14:20:05.647265"}}
{"event_type": "price_change", "event_ts": "2026-01-16T14:20:05.661424", "ingestion_ts": "2026-01-16T14:20:56.869125", "market_id": "0x2393ed0b0fdc450054c7b9071907eca75cf4fc36e385adf4a0a5f99ee62243e8", "raw": {"market": "0x2393ed0b0fdc450054c7b9071907eca75cf4fc36e385adf4a0a5f99ee62243e8", "asset_id": "100074770378634056601572485653252702850363676459996771990439989989293515601975", "price": "0.055", "size": "205", "side": "SELL", "timestamp": "1768573204366", "received_at": "2026-01-16T14:20:05.661424"}}
{"event_type": "price_change", "event_ts": "2026-01-16T14:20:05.661424", "ingestion_ts": "2026-01-16T14:20:56.869125", "market_id": "0x2393ed0b0fdc450054c7b9071907eca75cf4fc36e385adf4a0a5f99ee62243e8", "raw": {"market": "0x2393ed0b0fdc450054c7b9071907eca75cf4fc36e385adf4a0a5f99ee62243e8", "asset_id": "32769749367306925959219403371425714180265458150646381231272229429098460625924", "price": "0.945", "size": "205", "side": "BUY", "timestamp": "1768573204366", "received_at": "2026-01-16T14:20:05.661424"}}
{"event_type": "price_change", "event_ts": "2026-01-16T14:20:05.693006", "ingestion_ts": "2026-01-16T14:20:56.869125", "market_id": "0x427bc4b40c09b3dcbc973747f0e4b079bed91b3e5a0aed5c36edd0f7591485f4", "raw": {"market": "0x427bc4b40c09b3dcbc973747f0e4b079bed91b3e5a0aed5c36edd0f7591485f4", "asset_id": "115669573443672055876643967408433138119481486650803218131873713375232186497057", "price": "0.003", "size": "0", "side": "BUY", "timestamp": "1768573204396", "received_at": "2026-01-16T14:20:05.693006"}}
{"event_type": "price_change", "event_ts": "2026-01-16T14:20:05.693006", "ingestion_ts": "2026-01-16T14:20:56.869125", "market_id": "0x427bc4b40c09b3dcbc973747f0e4b079bed91b3e5a0aed5c36edd0f7591485f4", "raw": {"market": "0x427bc4b40c09b3dcbc973747f0e4b079bed91b3e5a0aed5c36edd0f7591485f4", "asset_id": "86130975769502911188457673769190265049139877688522439001984850068234616395137", "price": "0.997", "size": "0", "side": "SELL", "timestamp": "1768573204396", "received_at": "2026-01-16T14:20:05.693006"}}
{"event_type": "price_change", "event_ts": "2026-01-16T14:20:05.693044", "ingestion_ts": "2026-01-16T14:20:56.869125", "market_id": "0x427bc4b40c09b3dcbc973747f0e4b079bed91b3e5a0aed5c36edd0f7591485f4", "raw": {"market": "0x427bc4b40c09b3dcbc973747f0e4b079bed91b3e5a0aed5c36edd0f7591485f4", "asset_id": "115669573443672055876643967408433138119481486650803218131873713375232186497057", "price": "0.006", "size": "21.35", "side": "BUY", "timestamp": "1768573204396", "received_at": "2026-01-16T14:20:05.693044"}}
{"event_type": "price_change", "event_ts": "2026-01-16T14:20:05.693044", "ingestion_ts": "2026-01-16T14:20:56.869125", "market_id": "0x427bc4b40c09b3dcbc973747f0e4b079bed91b3e5a0aed5c36edd0f7591485f4", "raw": {"market": "0x427bc4b40c09b3dcbc973747f0e4b079bed91b3e5a0aed5c36edd0f7591485f4", "asset_id": "86130975769502911188457673769190265049139877688522439001984850068234616395137", "price": "0.994", "size": "21.35", "side": "SELL", "timestamp": "1768573204396", "received_at": "2026-01-16T14:20:05.693044"}}
{"event_type": "price_change", "event_ts": "2026-01-16T14:20:05.920598", "ingestion_ts": "2026-01-16T14:20:56.869125", "market_id": "0x427bc4b40c09b3dcbc973747f0e4b079bed91b3e5a0aed5c36edd0f7591485f4", "raw": {"market": "0x427bc4b40c09b3dcbc973747f0e4b079bed91b3e5a0aed5c36edd0f7591485f4", "asset_id": "115669573443672055876643967408433138119481486650803218131873713375232186497057", "price": "0.181", "size": "16.28", "side": "SELL", "timestamp": "1768573204843", "received_at": "2026-01-16T14:20:05.920598"}}
{"event_type": "price_change", "event_ts": "2026-01-16T14:20:05.920598", "ingestion_ts": "2026-01-16T14:20:56.869125", "market_id": "0x427bc4b40c09b3dcbc973747f0e4b079bed91b3e5a0aed5c36edd0f7591485f4", "raw": {"market": "0x427bc4b40c09b3dcbc973747f0e4b079bed91b3e5a0aed5c36edd0f7591485f4", "asset_id": "86130975769502911188457673769190265049139877688522439001984850068234616395137", "price": "0.819", "size": "16.28", "side": "BUY", "timestamp": "1768573204843", "received_at": "2026-01-16T14:20:05.920598"}}
{"event_type": "price_change", "event_ts": "2026-01-16T14:20:05.920637", "ingestion_ts": "2026-01-16T14:20:56.869125", "market_id": "0x427bc4b40c09b3dcbc973747f0e4b079bed91b3e5a0aed5c36edd0f7591485f4", "raw": {"market": "0x427bc4b40c09b3dcbc973747f0e4b079bed91b3e5a0aed5c36edd0f7591485f4", "asset_id": "115669573443672055876643967408433138119481486650803218131873713375232186497057", "price": "0.182", "size": "7.81", "side": "SELL", "timestamp": "1768573204843", "received_at": "2026-01-16T14:20:05.920637"}}
{"event_type": "price_change", "event_ts": "2026-01-16T14:20:05.920637", "ingestion_ts": "2026-01-16T14:20:56.869125", "market_id": "0x427bc4b40c09b3dcbc973747f0e4b079bed91b3e5a0aed5c36edd0f7591485f4", "raw": {"market": "0x427bc4b40c09b3dcbc973747f0e4b079bed91b3e5a0aed5c36edd0f7591485f4", "asset_id": "86130975769502911188457673769190265049139877688522439001984850068234616395137", "price": "0.818", "size": "7.81", "side": "BUY", "timestamp": "1768573204843", "received_at": "2026-01-16T14:20:05.920637"}}
{"event_type": "price_change", "event_ts": "2026-01-16T14:20:06.221802", "ingestion_ts": "2026-01-16T14:20:56.869125", "market_id": "0x427bc4b40c09b3dcbc973747f0e4b079bed91b3e5a0aed5c36edd0f7591485f4", "raw": {"market": "0x427bc4b40c09b3dcbc973747f0e4b079bed91b3e5a0aed5c36edd0f7591485f4", "asset_id": "115669573443672055876643967408433138119481486650803218131873713375232186497057", "price": "0.47", "size": "69.7", "side": "SELL", "timestamp": "1768573205301", "received_at": "2026-01-16T14:20:06.221802"}}
{"event_type": "price_change", "event_ts": "2026-01-16T14:20:06.221802", "ingestion_ts": "2026-01-16T14:20:56.869125", "market_id": "0x427bc4b40c09b3dcbc973747f0e4b079bed91b3e5a0aed5c36edd0f7591485f4", "raw": {"market": "0x427bc4b40c09b3dcbc973747f0e4b079bed91b3e5a0aed5c36edd0f7591485f4", "asset_id": "86130975769502911188457673769190265049139877688522439001984850068234616395137", "price": "0.53", "size": "69.7", "side": "BUY", "timestamp": "1768573205301", "received_at": "2026-01-16T14:20:06.221802"}}
{"event_type": "price_change", "event_ts": "2026-01-16T14:20:06.221842", "ingestion_ts": "2026-01-16T14:20:56.869125", "market_id": "0x427bc4b40c09b3dcbc973747f0e4b079bed91b3e5a0aed5c36edd0f7591485f4", "raw": {"market": "0x427bc4b40c09b3dcbc973747f0e4b079bed91b3e5a0aed5c36edd0f7591485f4", "asset_id": "115669573443672055876643967408433138119481486650803218131873713375232186497057", "price": "0.47", "size": "81.76", "side": "SELL", "timestamp": "1768573205303", "received_at": "2026-01-16T14:20:06.221842"}}
{"event_type": "price_change", "event_ts": "2026-01-16T14:20:06.221842", "ingestion_ts": "2026-01-16T14:20:56.869125", "market_id": "0x427bc4b40c09b3dcbc973747f0e4b079bed91b3e5a0aed5c36edd0f7591485f4", "raw": {"market": "0x427bc4b40c09b3dcbc973747f0e4b079bed91b3e5a0aed5c36edd0f7591485f4", "asset_id": "86130975769502911188457673769190265049139877688522439001984850068234616395137", "price": "0.53", "size": "81.76", "side": "BUY", "timestamp": "1768573205303", "received_at": "2026-01-16T14:20:06.221842"}}
{"event_type": "price_change", "event_ts": "2026-01-16T14:20:08.069095", "ingestion_ts": "2026-01-16T14:20:56.869125", "market_id": "0x427bc4b40c09b3dcbc973747f0e4b079bed91b3e5a0aed5c36edd0f7591485f4", "raw": {"market": "0x427bc4b40c09b3dcbc973747f0e4b079bed91b3e5a0aed5c36edd0f7591485f4", "asset_id": "115669573443672055876643967408433138119481486650803218131873713375232186497057", "price": "0.008", "size": "0", "side": "BUY", "timestamp": "1768573207594", "received_at": "2026-01-16T14:20:08.069095"}}
{"event_type": "price_change", "event_ts": "2026-01-16T14:20:08.069095", "ingestion_ts": "2026-01-16T14:20:56.869125", "market_id": "0x427bc4b40c09b3dcbc973747f0e4b079bed91b3e5a0aed5c36edd0f7591485f4", "raw": {"market": "0x427bc4b40c09b3dcbc973747f0e4b079bed91b3e5a0aed5c36edd0f7591485f4", "asset_id": "86130975769502911188457673769190265049139877688522439001984850068234616395137", "price": "0.992", "size": "0", "side": "SELL", "timestamp": "1768573207594", "received_at": "2026-01-16T14:20:08.069095"}}
{"event_type": "price_change", "event_ts": "2026-01-16T14:20:08.119475", "ingestion_ts": "2026-01-16T14:20:56.869125", "market_id": "0x427bc4b40c09b3dcbc973747f0e4b079bed91b3e5a0aed5c36edd0f7591485f4", "raw": {"market": "0x427bc4b40c09b3dcbc973747f0e4b079bed91b3e5a0aed5c36edd0f7591485f4", "asset_id": "86130975769502911188457673769190265049139877688522439001984850068234616395137", "price": "0.82", "size": "46", "side": "BUY", "timestamp": "1768573207635", "received_at": "2026-01-16T14:20:08.119475"}}
{"event_type": "price_change", "event_ts": "2026-01-16T14:20:08.119475", "ingestion_ts": "2026-01-16T14:20:56.869125", "market_id": "0x427bc4b40c09b3dcbc973747f0e4b079bed91b3e5a0aed5c36edd0f7591485f4", "raw": {"market": "0x427bc4b40c09b3dcbc973747f0e4b079bed91b3e5a0aed5c36edd0f7591485f4", "asset_id": "115669573443672055876643967408433138119481486650803218131873713375232186497057", "price": "0.18", "size": "46", "side": "SELL", "timestamp": "1768573207635", "received_at": "2026-01-16T14:20:08.119475"}}
{"event_type": "price_change", "event_ts": "2026-01-16T14:20:08.248001", "ingestion_ts": "2026-01-16T14:20:56.869125", "market_id": "0x427bc4b40c09b3dcbc973747f0e4b079bed91b3e5a0aed5c36edd0f7591485f4", "raw": {"market": "0x427bc4b40c09b3dcbc973747f0e4b079bed91b3e5a0aed5c36edd0f7591485f4", "asset_id": "115669573443672055876643967408433138119481486650803218131873713375232186497057", "price": "0.006", "size": "31.17", "side": "BUY", "timestamp": "1768573207807", "received_at": "2026-01-16T14:20:08.248001"}}
{"event_type": "price_change", "event_ts": "2026-01-16T14:20:08.248001", "ingestion_ts": "2026-01-16T14:20:56.869125", "market_id": "0x427bc4b40c09b3dcbc973747f0e4b079bed91b3e5a0aed5c36edd0f7591485f4", "raw": {"market": "0x427bc4b40c09b3dcbc973747f0e4b079bed91b3e5a0aed5c36edd0f7591485f4", "asset_id": "86130975769502911188457673769190265049139877688522439001984850068234616395137", "price": "0.994", "size": "31.17", "side": "SELL", "timestamp": "1768573207807", "received_at": "2026-01-16T14:20:08.248001"}}
{"event_type": "price_change", "event_ts": "2026-01-16T14:20:08.248066", "ingestion_ts": "2026-01-16T14:20:56.869125", "market_id": "0x427bc4b40c09b3dcbc973747f0e4b079bed91b3e5a0aed5c36edd0f7591485f4", "raw": {"market": "0x427bc4b40c09b3dcbc973747f0e4b079bed91b3e5a0aed5c36edd0f7591485f4", "asset_id": "115669573443672055876643967408433138119481486650803218131873713375232186497057", "price": "0.006", "size": "40.99", "side": "BUY", "timestamp": "1768573207813", "received_at": "2026-01-16T14:20:08.248066"}}
{"event_type": "price_change", "event_ts": "2026-01-16T14:20:08.248066", "ingestion_ts": "2026-01-16T14:20:56.869125", "market_id": "0x427bc4b40c09b3dcbc973747f0e4b079bed91b3e5a0aed5c36edd0f7591485f4", "raw": {"market": "0x427bc4b40c09b3dcbc973747f0e4b079bed91b3e5a0aed5c36edd0f7591485f4", "asset_id": "86130975769502911188457673769190265049139877688522439001984850068234616395137", "price": "0.994", "size": "40.99", "side": "SELL", "timestamp": "1768573207813", "received_at": "2026-01-16T14:20:08.248066"}}
{"event_type": "price_change", "event_ts": "2026-01-16T14:20:08.256281", "ingestion_ts": "2026-01-16T14:20:56.869125", "market_id": "0x427bc4b40c09b3dcbc973747f0e4b079bed91b3e5a0aed5c36edd0f7591485f4", "raw": {"market": "0x427bc4b40c09b3dcbc973747f0e4b079bed91b3e5a0aed5c36edd0f7591485f4", "asset_id": "86130975769502911188457673769190265049139877688522439001984850068234616395137", "price": "0.993", "size": "36", "side": "SELL", "timestamp": "1768573207840", "received_at": "2026-01-16T14:20:08.256281"}}
{"event_type": "price_change", "event_ts": "2026-01-16T14:20:08.256281", "ingestion_ts": "2026-01-16T14:20:56.869125", "market_id": "0x427bc4b40c09b3dcbc973747f0e4b079bed91b3e5a0aed5c36edd0f7591485f4", "raw": {"market": "0x427bc4b40c09b3dcbc973747f0e4b079bed91b3e5a0aed5c36edd0f7591485f4", "asset_id": "115669573443672055876643967408433138119481486650803218131873713375232186497057", "price": "0.007", "size": "36", "side": "BUY", "timestamp": "1768573207840", "received_at": "2026-01-16T14:20:08.256281"}}
{"event_type": "price_change", "event_ts": "2026-01-16T14:20:08.367634", "ingestion_ts": "2026-01-16T14:20:56.869125", "market_id": "0x427bc4b40c09b3dcbc973747f0e4b079bed91b3e5a0aed5c36edd0f7591485f4", "raw": {"market": "0x427bc4b40c09b3dcbc973747f0e4b079bed91b3e5a0aed5c36edd0f7591485f4", "asset_id": "115669573443672055876643967408433138119481486650803218131873713375232186497057", "price": "0.181", "size": "0", "side": "SELL", "timestamp": "1768573208044", "received_at": "2026-01-16T14:20:08.367634"}}
{"event_type": "price_change", "event_ts": "2026-01-16T14:20:08.367634", "ingestion_ts": "2026-01-16T14:20:56.869125", "market_id": "0x427bc4b40c09b3dcbc973747f0e4b079bed91b3e5a0aed5c36edd0f7591485f4", "raw": {"market": "0x427bc4b40c09b3dcbc973747f0e4b079bed91b3e5a0aed5c36edd0f7591485f4", "asset_id": "86130975769502911188457673769190265049139877688522439001984850068234616395137", "price": "0.819", "size": "0", "side": "BUY", "timestamp": "1768573208044", "received_at": "2026-01-16T14:20:08.367634"}}
{"event_type": "price_change", "event_ts": "2026-01-16T14:20:08.367687", "ingestion_ts": "2026-01-16T14:20:56.869125", "market_id": "0x427bc4b40c09b3dcbc973747f0e4b079bed91b3e5a0aed5c36edd0f7591485f4", "raw": {"market": "0x427bc4b40c09b3dcbc973747f0e4b079bed91b3e5a0aed5c36edd0f7591485f4", "asset_id": "115669573443672055876643967408433138119481486650803218131873713375232186497057", "price": "0.182", "size": "0", "side": "SELL", "timestamp": "1768573208044", "received_at": "2026-01-16T14:20:08.367687"}}
{"event_type": "price_change", "event_ts": "2026-01-16T14:20:08.367687", "ingestion_ts": "2026-01-16T14:20:56.869125", "market_id": "0x427bc4b40c09b3dcbc973747f0e4b079bed91b3e5a0aed5c36edd0f7591485f4", "raw": {"market": "0x427bc4b40c09b3dcbc973747f0e4b079bed91b3e5a0aed5c36edd0f7591485f4", "asset_id": "86130975769502911188457673769190265049139877688522439001984850068234616395137", "price": "0.818", "size": "0", "side": "BUY", "timestamp": "1768573208044", "received_at": "2026-01-16T14:20:08.367687"}}
{"event_type": "price_change", "event_ts": "2026-01-16T14:20:08.367710", "ingestion_ts": "2026-01-16T14:20:56.869125", "market_id": "0x427bc4b40c09b3dcbc973747f0e4b079bed91b3e5a0aed5c36edd0f7591485f4", "raw": {"market": "0x427bc4b40c09b3dcbc973747f0e4b079bed91b3e5a0aed5c36edd0f7591485f4", "asset_id": "115669573443672055876643967408433138119481486650803218131873713375232186497057", "price": "0.47", "size": "49.45", "side": "SELL", "timestamp": "1768573208044", "received_at": "2026-01-16T14:20:08.367710"}}
{"event_type": "price_change", "event_ts": "2026-01-16T14:20:08.367710", "ingestion_ts": "2026-01-16T14:20:56.869125", "market_id": "0x427bc4b40c09b3dcbc973747f0e4b079bed91b3e5a0aed5c36edd0f7591485f4", "raw": {"market": "0x427bc4b40c09b3dcbc973747f0e4b079bed91b3e5a0aed5c36edd0f7591485f4", "asset_id": "86130975769502911188457673769190265049139877688522439001984850068234616395137", "price": "0.53", "size": "49.45", "side": "BUY", "timestamp": "1768573208044", "received_at": "2026-01-16T14:20:08.367710"}}
{"event_type": "price_change", "event_ts": "2026-01-16T14:20:08.708602", "ingestion_ts": "2026-01-16T14:20:56.869125", "market_id": "0x427bc4b40c09b3dcbc973747f0e4b079bed91b3e5a0aed5c36edd0f7591485f4", "raw": {"market": "0x427bc4b40c09b3dcbc973747f0e4b079bed91b3e5a0aed5c36edd0f7591485f4", "asset_id": "115669573443672055876643967408433138119481486650803218131873713375232186497057", "price": "0.179", "size": "28.2", "side": "SELL", "timestamp": "1768573208492", "received_at": "2026-01-16T14:20:08.708602"}}
{"event_type": "price_change", "event_ts": "2026-01-16T14:20:08.708602", "ingestion_ts": "2026-01-16T14:20:56.869125", "market_id": "0x427bc4b40c09b3dcbc973747f0e4b079bed91b3e5a0aed5c36edd0f7591485f4", "raw": {"market": "0x427bc4b40c09b3dcbc973747f0e4b079bed91b3e5a0aed5c36edd0f7591485f4", "asset_id": "86130975769502911188457673769190265049139877688522439001984850068234616395137", "price": "0.821", "size": "28.2", "side": "BUY", "timestamp": "1768573208492", "received_at": "2026-01-16T14:20:08.708602"}}
{"event_type": "price_change", "event_ts": "2026-01-16T14:20:08.711582", "ingestion_ts": "2026-01-16T14:20:56.869125", "market_id": "0x427bc4b40c09b3dcbc973747f0e4b079bed91b3e5a0aed5c36edd0f7591485f4", "raw": {"market": "0x427bc4b40c09b3dcbc973747f0e4b079bed91b3e5a0aed5c36edd0f7591485f4", "asset_id": "115669573443672055876643967408433138119481486650803218131873713375232186497057", "price": "0.179", "size": "56.4", "side": "SELL", "timestamp": "1768573208496", "received_at": "2026-01-16T14:20:08.711582"}}
{"event_type": "price_change", "event_ts": "2026-01-16T14:20:08.711582", "ingestion_ts": "2026-01-16T14:20:56.869125", "market_id": "0x427bc4b40c09b3dcbc973747f0e4b079bed91b3e5a0aed5c36edd0f7591485f4", "raw": {"market": "0x427bc4b40c09b3dcbc973747f0e4b079bed91b3e5a0aed5c36edd0f7591485f4", "asset_id": "86130975769502911188457673769190265049139877688522439001984850068234616395137", "price": "0.821", "size": "56.4", "side": "BUY", "timestamp": "1768573208496", "received_at": "2026-01-16T14:20:08.711582"}}
{"event_type": "price_change", "event_ts": "2026-01-16T14:20:09.107582", "ingestion_ts": "2026-01-16T14:20:56.869125", "market_id": "0x427bc4b40c09b3dcbc973747f0e4b079bed91b3e5a0aed5c36edd0f7591485f4", "raw": {"market": "0x427bc4b40c09b3dcbc973747f0e4b079bed91b3e5a0aed5c36edd0f7591485f4", "asset_id": "86130975769502911188457673769190265049139877688522439001984850068234616395137", "price": "0.82", "size": "0", "side": "BUY", "timestamp": "1768573208968", "received_at": "2026-01-16T14:20:09.107582"}}
{"event_type": "price_change", "event_ts": "2026-01-16T14:20:09.107582", "ingestion_ts": "2026-01-16T14:20:56.869125", "market_id": "0x427bc4b40c09b3dcbc973747f0e4b079bed91b3e5a0aed5c36edd0f7591485f4", "raw": {"market": "0x427bc4b40c09b3dcbc973747f0e4b079bed91b3e5a0aed5c36edd0f7591485f4", "asset_id": "115669573443672055876643967408433138119481486650803218131873713375232186497057", "price": "0.18", "size": "0", "side": "SELL", "timestamp": "1768573208968", "received_at": "2026-01-16T14:20:09.107582"}}
{"event_type": "price_change", "event_ts": "2026-01-16T14:20:09.152867", "ingestion_ts": "2026-01-16T14:20:56.869125", "market_id": "0x427bc4b40c09b3dcbc973747f0e4b079bed91b3e5a0aed5c36edd0f7591485f4", "raw": {"market": "0x427bc4b40c09b3dcbc973747f0e4b079bed91b3e5a0aed5c36edd0f7591485f4", "asset_id": "86130975769502911188457673769190265049139877688522439001984850068234616395137", "price": "0.822", "size": "52", "side": "BUY", "timestamp": "1768573209008", "received_at": "2026-01-16T14:20:09.152867"}}
{"event_type": "price_change", "event_ts": "2026-01-16T14:20:09.152867", "ingestion_ts": "2026-01-16T14:20:56.869125", "market_id": "0x427bc4b40c09b3dcbc973747f0e4b079bed91b3e5a0aed5c36edd0f7591485f4", "raw": {"market": "0x427bc4b40c09b3dcbc973747f0e4b079bed91b3e5a0aed5c36edd0f7591485f4", "asset_id": "115669573443672055876643967408433138119481486650803218131873713375232186497057", "price": "0.178", "size": "52", "side": "SELL", "timestamp": "1768573209008", "received_at": "2026-01-16T14:20:09.152867"}}
{"event_type": "price_change", "event_ts": "2026-01-16T14:20:09.886735", "ingestion_ts": "2026-01-16T14:20:56.869125", "market_id": "0x427bc4b40c09b3dcbc973747f0e4b079bed91b3e5a0aed5c36edd0f7591485f4", "raw": {"market": "0x427bc4b40c09b3dcbc973747f0e4b079bed91b3e5a0aed5c36edd0f7591485f4", "asset_id": "115669573443672055876643967408433138119481486650803218131873713375232186497057", "price": "0.006", "size": "21.35", "side": "BUY", "timestamp": "1768573209842", "received_at": "2026-01-16T14:20:09.886735"}}
{"event_type": "price_change", "event_ts": "2026-01-16T14:20:09.886735", "ingestion_ts": "2026-01-16T14:20:56.869125", "market_id": "0x427bc4b40c09b3dcbc973747f0e4b079bed91b3e5a0aed5c36edd0f7591485f4", "raw": {"market": "0x427bc4b40c09b3dcbc973747f0e4b079bed91b3e5a0aed5c36edd0f7591485f4", "asset_id": "86130975769502911188457673769190265049139877688522439001984850068234616395137", "price": "0.994", "size": "21.35", "side": "SELL", "timestamp": "1768573209842", "received_at": "2026-01-16T14:20:09.886735"}}
{"event_type": "price_change", "event_ts": "2026-01-16T14:20:10.040941", "ingestion_ts": "2026-01-16T14:20:56.869125", "market_id": "0x49686d26fb712515cd5e12c23f0a1c7e10214c7faa3cb0a730aabe0c33694082", "raw": {"market": "0x49686d26fb712515cd5e12c23f0a1c7e10214c7faa3cb0a730aabe0c33694082", "asset_id": "13244681086321087932946246027856416106585284024824496763706748621681543444582", "price": "0.854", "size": "0", "side": "BUY", "timestamp": "1768573209971", "received_at": "2026-01-16T14:20:10.040941"}}
{"event_type": "price_change", "event_ts": "2026-01-16T14:20:10.040941", "ingestion_ts": "2026-01-16T14:20:56.869125", "market_id": "0x49686d26fb712515cd5e12c23f0a1c7e10214c7faa3cb0a730aabe0c33694082", "raw": {"market": "0x49686d26fb712515cd5e12c23f0a1c7e10214c7faa3cb0a730aabe0c33694082", "asset_id": "30442780799048074404860985387051749017905070253466005720364298335239299761065", "price": "0.146", "size": "0", "side": "SELL", "timestamp": "1768573209971", "received_at": "2026-01-16T14:20:10.040941"}}
{"event_type": "price_change", "event_ts": "2026-01-16T14:20:10.084061", "ingestion_ts": "2026-01-16T14:20:56.869125", "market_id": "0x49686d26fb712515cd5e12c23f0a1c7e10214c7faa3cb0a730aabe0c33694082", "raw": {"market": "0x49686d26fb712515cd5e12c23f0a1c7e10214c7faa3cb0a730aabe0c33694082", "asset_id": "13244681086321087932946246027856416106585284024824496763706748621681543444582", "price": "0.911", "size": "132.98", "side": "SELL", "timestamp": "1768573210006", "received_at": "2026-01-16T14:20:10.084061"}}
{"event_type": "price_change", "event_ts": "2026-01-16T14:20:10.084061", "ingestion_ts": "2026-01-16T14:20:56.869125", "market_id": "0x49686d26fb712515cd5e12c23f0a1c7e10214c7faa3cb0a730aabe0c33694082", "raw": {"market": "0x49686d26fb712515cd5e12c23f0a1c7e10214c7faa3cb0a730aabe0c33694082", "asset_id": "30442780799048074404860985387051749017905070253466005720364298335239299761065", "price": "0.089", "size": "132.98", "side": "BUY", "timestamp": "1768573210006", "received_at": "2026-01-16T14:20:10.084061"}}
{"event_type": "price_change", "event_ts": "2026-01-16T14:20:10.216074", "ingestion_ts": "2026-01-16T14:20:56.869125", "market_id": "0x427bc4b40c09b3dcbc973747f0e4b079bed91b3e5a0aed5c36edd0f7591485f4", "raw": {"market": "0x427bc4b40c09b3dcbc973747f0e4b079bed91b3e5a0aed5c36edd0f7591485f4", "asset_id": "115669573443672055876643967408433138119481486650803218131873713375232186497057", "price": "0.002", "size": "108.51", "side": "BUY", "timestamp": "1768573210167", "received_at": "2026-01-16T14:20:10.216074"}}
{"event_type": "price_change", "event_ts": "2026-01-16T14:20:10.216074", "ingestion_ts": "2026-01-16T14:20:56.869125", "market_id": "0x427bc4b40c09b3dcbc973747f0e4b079bed91b3e5a0aed5c36edd0f7591485f4", "raw": {"market": "0x427bc4b40c09b3dcbc973747f0e4b079bed91b3e5a0aed5c36edd0f7591485f4", "asset_id": "86130975769502911188457673769190265049139877688522439001984850068234616395137", "price": "0.998", "size": "108.51", "side": "SELL", "timestamp": "1768573210167", "received_at": "2026-01-16T14:20:10.216074"}}
{"event_type": "price_change", "event_ts": "2026-01-16T14:20:10.220729", "ingestion_ts": "2026-01-16T14:20:56.869125", "market_id": "0x427bc4b40c09b3dcbc973747f0e4b079bed91b3e5a0aed5c36edd0f7591485f4", "raw": {"market": "0x427bc4b40c09b3dcbc973747f0e4b079bed91b3e5a0aed5c36edd0f7591485f4", "asset_id": "115669573443672055876643967408433138119481486650803218131873713375232186497057", "price": "0.008", "size": "5.06", "side": "BUY", "timestamp": "1768573210168", "received_at": "2026-01-16T14:20:10.220729"}}
{"event_type": "price_change", "event_ts": "2026-01-16T14:20:10.220729", "ingestion_ts": "2026-01-16T14:20:56.869125", "market_id": "0x427bc4b40c09b3dcbc973747f0e4b079bed91b3e5a0aed5c36edd0f7591485f4", "raw": {"market": "0x427bc4b40c09b3dcbc973747f0e4b079bed91b3e5a0aed5c36edd0f7591485f4", "asset_id": "86130975769502911188457673769190265049139877688522439001984850068234616395137", "price": "0.992", "size": "5.06", "side": "SELL", "timestamp": "1768573210168", "received_at": "2026-01-16T14:20:10.220729"}}
{"event_type": "price_change", "event_ts": "2026-01-16T14:20:10.220745", "ingestion_ts": "2026-01-16T14:20:56.869125", "market_id": "0x427bc4b40c09b3dcbc973747f0e4b079bed91b3e5a0aed5c36edd0f7591485f4", "raw": {"market": "0x427bc4b40c09b3dcbc973747f0e4b079bed91b3e5a0aed5c36edd0f7591485f4", "asset_id": "115669573443672055876643967408433138119481486650803218131873713375232186497057", "price": "0.002", "size": "117.7", "side": "BUY", "timestamp": "1768573210169", "received_at": "2026-01-16T14:20:10.220745"}}
{"event_type": "price_change", "event_ts": "2026-01-16T14:20:10.220745", "ingestion_ts": "2026-01-16T14:20:56.869125", "market_id": "0x427bc4b40c09b3dcbc973747f0e4b079bed91b3e5a0aed5c36edd0f7591485f4", "raw": {"market": "0x427bc4b40c09b3dcbc973747f0e4b079bed91b3e5a0aed5c36edd0f7591485f4", "asset_id": "86130975769502911188457673769190265049139877688522439001984850068234616395137", "price": "0.998", "size": "117.7", "side": "SELL", "timestamp": "1768573210169", "received_at": "2026-01-16T14:20:10.220745"}}
