{"event_type": "price_change", "event_ts": "2026-01-15T12:04:40.440290", "ingestion_ts": "2026-01-15T12:08:42.168746", "market_id": "0xcab7ba4a9133cfd407d7e73e5757e5abbace413b59421527a31113406c97815c", "raw": {"market": "0xcab7ba4a9133cfd407d7e73e5757e5abbace413b59421527a31113406c97815c", "asset_id": "96361925776989336186111887920533578209326565663637092688733016597062311745569", "price": "0.006", "size": "136.13", "side": "BUY", "timestamp": "1768475080321", "received_at": "2026-01-15T12:04:40.440290"}}
{"event_type": "price_change", "event_ts": "2026-01-15T12:04:40.440290", "ingestion_ts": "2026-01-15T12:08:42.168746", "market_id": "0xcab7ba4a9133cfd407d7e73e5757e5abbace413b59421527a31113406c97815c", "raw": {"market": "0xcab7ba4a9133cfd407d7e73e5757e5abbace413b59421527a31113406c97815c", "asset_id": "20002636398944597965698652220992177552927816915094913583821579024925426590022", "price": "0.994", "size": "136.13", "side": "SELL", "timestamp": "1768475080321", "received_at": "2026-01-15T12:04:40.440290"}}
{"event_type": "price_change", "event_ts": "2026-01-15T12:04:40.440334", "ingestion_ts": "2026-01-15T12:08:42.168746", "market_id": "0xcab7ba4a9133cfd407d7e73e5757e5abbace413b59421527a31113406c97815c", "raw": {"market": "0xcab7ba4a9133cfd407d7e73e5757e5abbace413b59421527a31113406c97815c", "asset_id": "96361925776989336186111887920533578209326565663637092688733016597062311745569", "price": "0.008", "size": "631.87", "side": "BUY", "timestamp": "1768475080322", "received_at": "2026-01-15T12:04:40.440334"}}
{"event_type": "price_change", "event_ts": "2026-01-15T12:04:40.440334", "ingestion_ts": "2026-01-15T12:08:42.168746", "market_id": "0xcab7ba4a9133cfd407d7e73e5757e5abbace413b59421527a31113406c97815c", "raw": {"market": "0xcab7ba4a9133cfd407d7e73e5757e5abbace413b59421527a31113406c97815c", "asset_id": "20002636398944597965698652220992177552927816915094913583821579024925426590022", "price": "0.992", "size": "631.87", "side": "SELL", "timestamp": "1768475080322", "received_at": "2026-01-15T12:04:40.440334"}}
{"event_type": "price_change", "event_ts": "2026-01-15T12:04:40.834591", "ingestion_ts": "2026-01-15T12:08:42.168746", "market_id": "0xc0e6b917320a47228fb96e3b5ae0e5c93773a5ae2662ae4e1f37807cfe47ce98", "raw": {"market": "0xc0e6b917320a47228fb96e3b5ae0e5c93773a5ae2662ae4e1f37807cfe47ce98", "asset_id": "58656358377246279051017109359677190749228949103591068167284263961542487110215", "price": "0.003", "size": "457.97", "side": "BUY", "timestamp": "1768475080715", "received_at": "2026-01-15T12:04:40.834591"}}
{"event_type": "price_change", "event_ts": "2026-01-15T12:04:40.834591", "ingestion_ts": "2026-01-15T12:08:42.168746", "market_id": "0xc0e6b917320a47228fb96e3b5ae0e5c93773a5ae2662ae4e1f37807cfe47ce98", "raw": {"market": "0xc0e6b917320a47228fb96e3b5ae0e5c93773a5ae2662ae4e1f37807cfe47ce98", "asset_id": "81647294538046680798858716589766492074338758116170717123345952330712416337530", "price": "0.997", "size": "457.97", "side": "SELL", "timestamp": "1768475080715", "received_at": "2026-01-15T12:04:40.834591"}}
{"event_type": "price_change", "event_ts": "2026-01-15T12:04:41.913460", "ingestion_ts": "2026-01-15T12:08:42.168746", "market_id": "0xcab7ba4a9133cfd407d7e73e5757e5abbace413b59421527a31113406c97815c", "raw": {"market": "0xcab7ba4a9133cfd407d7e73e5757e5abbace413b59421527a31113406c97815c", "asset_id": "96361925776989336186111887920533578209326565663637092688733016597062311745569", "price": "0.006", "size": "127.41", "side": "BUY", "timestamp": "1768475081789", "received_at": "2026-01-15T12:04:41.913460"}}
{"event_type": "price_change", "event_ts": "2026-01-15T12:04:41.913460", "ingestion_ts": "2026-01-15T12:08:42.168746", "market_id": "0xcab7ba4a9133cfd407d7e73e5757e5abbace413b59421527a31113406c97815c", "raw": {"market": "0xcab7ba4a9133cfd407d7e73e5757e5abbace413b59421527a31113406c97815c", "asset_id": "20002636398944597965698652220992177552927816915094913583821579024925426590022", "price": "0.994", "size": "127.41", "side": "SELL", "timestamp": "1768475081789", "received_at": "2026-01-15T12:04:41.913460"}}
{"event_type": "price_change", "event_ts": "2026-01-15T12:04:41.913558", "ingestion_ts": "2026-01-15T12:08:42.168746", "market_id": "0xcab7ba4a9133cfd407d7e73e5757e5abbace413b59421527a31113406c97815c", "raw": {"market": "0xcab7ba4a9133cfd407d7e73e5757e5abbace413b59421527a31113406c97815c", "asset_id": "96361925776989336186111887920533578209326565663637092688733016597062311745569", "price": "0.008", "size": "619.71", "side": "BUY", "timestamp": "1768475081789", "received_at": "2026-01-15T12:04:41.913558"}}
{"event_type": "price_change", "event_ts": "2026-01-15T12:04:41.913558", "ingestion_ts": "2026-01-15T12:08:42.168746", "market_id": "0xcab7ba4a9133cfd407d7e73e5757e5abbace413b59421527a31113406c97815c", "raw": {"market": "0xcab7ba4a9133cfd407d7e73e5757e5abbace413b59421527a31113406c97815c", "asset_id": "20002636398944597965698652220992177552927816915094913583821579024925426590022", "price": "0.992", "size": "619.71", "side": "SELL", "timestamp": "1768475081789", "received_at": "2026-01-15T12:04:41.913558"}}
{"event_type": "price_change", "event_ts": "2026-01-15T12:04:42.414517", "ingestion_ts": "2026-01-15T12:08:42.168746", "market_id": "0xcab7ba4a9133cfd407d7e73e5757e5abbace413b59421527a31113406c97815c", "raw": {"market": "0xcab7ba4a9133cfd407d7e73e5757e5abbace413b59421527a31113406c97815c", "asset_id": "96361925776989336186111887920533578209326565663637092688733016597062311745569", "price": "0.006", "size": "136.13", "side": "BUY", "timestamp": "1768475082288", "received_at": "2026-01-15T12:04:42.414517"}}
{"event_type": "price_change", "event_ts": "2026-01-15T12:04:42.414517", "ingestion_ts": "2026-01-15T12:08:42.168746", "market_id": "0xcab7ba4a9133cfd407d7e73e5757e5abbace413b59421527a31113406c97815c", "raw": {"market": "0xcab7ba4a9133cfd407d7e73e5757e5abbace413b59421527a31113406c97815c", "asset_id": "20002636398944597965698652220992177552927816915094913583821579024925426590022", "price": "0.994", "size": "136.13", "side": "SELL", "timestamp": "1768475082288", "received_at": "2026-01-15T12:04:42.414517"}}
{"event_type": "price_change", "event_ts": "2026-01-15T12:04:42.415873", "ingestion_ts": "2026-01-15T12:08:42.168746", "market_id": "0xcab7ba4a9133cfd407d7e73e5757e5abbace413b59421527a31113406c97815c", "raw": {"market": "0xcab7ba4a9133cfd407d7e73e5757e5abbace413b59421527a31113406c97815c", "asset_id": "96361925776989336186111887920533578209326565663637092688733016597062311745569", "price": "0.008", "size": "631.87", "side": "BUY", "timestamp": "1768475082289", "received_at": "2026-01-15T12:04:42.415873"}}
{"event_type": "price_change", "event_ts": "2026-01-15T12:04:42.415873", "ingestion_ts": "2026-01-15T12:08:42.168746", "market_id": "0xcab7ba4a9133cfd407d7e73e5757e5abbace413b59421527a31113406c97815c", "raw": {"market": "0xcab7ba4a9133cfd407d7e73e5757e5abbace413b59421527a31113406c97815c", "asset_id": "20002636398944597965698652220992177552927816915094913583821579024925426590022", "price": "0.992", "size": "631.87", "side": "SELL", "timestamp": "1768475082289", "received_at": "2026-01-15T12:04:42.415873"}}
{"event_type": "price_change", "event_ts": "2026-01-15T12:04:44.755748", "ingestion_ts": "2026-01-15T12:08:42.168746", "market_id": "0xc0e6b917320a47228fb96e3b5ae0e5c93773a5ae2662ae4e1f37807cfe47ce98", "raw": {"market": "0xc0e6b917320a47228fb96e3b5ae0e5c93773a5ae2662ae4e1f37807cfe47ce98", "asset_id": "58656358377246279051017109359677190749228949103591068167284263961542487110215", "price": "0.003", "size": "300.37", "side": "BUY", "timestamp": "1768475084631", "received_at": "2026-01-15T12:04:44.755748"}}
{"event_type": "price_change", "event_ts": "2026-01-15T12:04:44.755748", "ingestion_ts": "2026-01-15T12:08:42.168746", "market_id": "0xc0e6b917320a47228fb96e3b5ae0e5c93773a5ae2662ae4e1f37807cfe47ce98", "raw": {"market": "0xc0e6b917320a47228fb96e3b5ae0e5c93773a5ae2662ae4e1f37807cfe47ce98", "asset_id": "81647294538046680798858716589766492074338758116170717123345952330712416337530", "price": "0.997", "size": "300.37", "side": "SELL", "timestamp": "1768475084631", "received_at": "2026-01-15T12:04:44.755748"}}
{"event_type": "price_change", "event_ts": "2026-01-15T12:04:44.755842", "ingestion_ts": "2026-01-15T12:08:42.168746", "market_id": "0xcab7ba4a9133cfd407d7e73e5757e5abbace413b59421527a31113406c97815c", "raw": {"market": "0xcab7ba4a9133cfd407d7e73e5757e5abbace413b59421527a31113406c97815c", "asset_id": "96361925776989336186111887920533578209326565663637092688733016597062311745569", "price": "0.006", "size": "127.41", "side": "BUY", "timestamp": "1768475084631", "received_at": "2026-01-15T12:04:44.755842"}}
{"event_type": "price_change", "event_ts": "2026-01-15T12:04:44.755842", "ingestion_ts": "2026-01-15T12:08:42.168746", "market_id": "0xcab7ba4a9133cfd407d7e73e5757e5abbace413b59421527a31113406c97815c", "raw": {"market": "0xcab7ba4a9133cfd407d7e73e5757e5abbace413b59421527a31113406c97815c", "asset_id": "20002636398944597965698652220992177552927816915094913583821579024925426590022", "price": "0.994", "size": "127.41", "side": "SELL", "timestamp": "1768475084631", "received_at": "2026-01-15T12:04:44.755842"}}
{"event_type": "price_change", "event_ts": "2026-01-15T12:04:44.755883", "ingestion_ts": "2026-01-15T12:08:42.168746", "market_id": "0xcab7ba4a9133cfd407d7e73e5757e5abbace413b59421527a31113406c97815c", "raw": {"market": "0xcab7ba4a9133cfd407d7e73e5757e5abbace413b59421527a31113406c97815c", "asset_id": "96361925776989336186111887920533578209326565663637092688733016597062311745569", "price": "0.008", "size": "619.71", "side": "BUY", "timestamp": "1768475084631", "received_at": "2026-01-15T12:04:44.755883"}}
{"event_type": "price_change", "event_ts": "2026-01-15T12:04:44.755883", "ingestion_ts": "2026-01-15T12:08:42.168746", "market_id": "0xcab7ba4a9133cfd407d7e73e5757e5abbace413b59421527a31113406c97815c", "raw": {"market": "0xcab7ba4a9133cfd407d7e73e5757e5abbace413b59421527a31113406c97815c", "asset_id": "20002636398944597965698652220992177552927816915094913583821579024925426590022", "price": "0.992", "size": "619.71", "side": "SELL", "timestamp": "1768475084631", "received_at": "2026-01-15T12:04:44.755883"}}
{"event_type": "price_change", "event_ts": "2026-01-15T12:04:45.447224", "ingestion_ts": "2026-01-15T12:08:42.168746", "market_id": "0xcab7ba4a9133cfd407d7e73e5757e5abbace413b59421527a31113406c97815c", "raw": {"market": "0xcab7ba4a9133cfd407d7e73e5757e5abbace413b59421527a31113406c97815c", "asset_id": "96361925776989336186111887920533578209326565663637092688733016597062311745569", "price": "0.006", "size": "136.13", "side": "BUY", "timestamp": "1768475085326", "received_at": "2026-01-15T12:04:45.447224"}}
{"event_type": "price_change", "event_ts": "2026-01-15T12:04:45.447224", "ingestion_ts": "2026-01-15T12:08:42.168746", "market_id": "0xcab7ba4a9133cfd407d7e73e5757e5abbace413b59421527a31113406c97815c", "raw": {"market": "0xcab7ba4a9133cfd407d7e73e5757e5abbace413b59421527a31113406c97815c", "asset_id": "20002636398944597965698652220992177552927816915094913583821579024925426590022", "price": "0.994", "size": "136.13", "side": "SELL", "timestamp": "1768475085326", "received_at": "2026-01-15T12:04:45.447224"}}
{"event_type": "price_change", "event_ts": "2026-01-15T12:04:45.448495", "ingestion_ts": "2026-01-15T12:08:42.168746", "market_id": "0xc0e6b917320a47228fb96e3b5ae0e5c93773a5ae2662ae4e1f37807cfe47ce98", "raw": {"market": "0xc0e6b917320a47228fb96e3b5ae0e5c93773a5ae2662ae4e1f37807cfe47ce98", "asset_id": "58656358377246279051017109359677190749228949103591068167284263961542487110215", "price": "0.004", "size": "118.2", "side": "BUY", "timestamp": "1768475085327", "received_at": "2026-01-15T12:04:45.448495"}}
{"event_type": "price_change", "event_ts": "2026-01-15T12:04:45.448495", "ingestion_ts": "2026-01-15T12:08:42.168746", "market_id": "0xc0e6b917320a47228fb96e3b5ae0e5c93773a5ae2662ae4e1f37807cfe47ce98", "raw": {"market": "0xc0e6b917320a47228fb96e3b5ae0e5c93773a5ae2662ae4e1f37807cfe47ce98", "asset_id": "81647294538046680798858716589766492074338758116170717123345952330712416337530", "price": "0.996", "size": "118.2", "side": "SELL", "timestamp": "1768475085327", "received_at": "2026-01-15T12:04:45.448495"}}
{"event_type": "price_change", "event_ts": "2026-01-15T12:04:45.448584", "ingestion_ts": "2026-01-15T12:08:42.168746", "market_id": "0xcab7ba4a9133cfd407d7e73e5757e5abbace413b59421527a31113406c97815c", "raw": {"market": "0xcab7ba4a9133cfd407d7e73e5757e5abbace413b59421527a31113406c97815c", "asset_id": "96361925776989336186111887920533578209326565663637092688733016597062311745569", "price": "0.008", "size": "631.87", "side": "BUY", "timestamp": "1768475085328", "received_at": "2026-01-15T12:04:45.448584"}}
{"event_type": "price_change", "event_ts": "2026-01-15T12:04:45.448584", "ingestion_ts": "2026-01-15T12:08:42.168746", "market_id": "0xcab7ba4a9133cfd407d7e73e5757e5abbace413b59421527a31113406c97815c", "raw": {"market": "0xcab7ba4a9133cfd407d7e73e5757e5abbace413b59421527a31113406c97815c", "asset_id": "20002636398944597965698652220992177552927816915094913583821579024925426590022", "price": "0.992", "size": "631.87", "side": "SELL", "timestamp": "1768475085328", "received_at": "2026-01-15T12:04:45.448584"}}
{"event_type": "price_change", "event_ts": "2026-01-15T12:04:46.502282", "ingestion_ts": "2026-01-15T12:08:42.168746", "market_id": "0xcab7ba4a9133cfd407d7e73e5757e5abbace413b59421527a31113406c97815c", "raw": {"market": "0xcab7ba4a9133cfd407d7e73e5757e5abbace413b59421527a31113406c97815c", "asset_id": "96361925776989336186111887920533578209326565663637092688733016597062311745569", "price": "0.006", "size": "127.41", "side": "BUY", "timestamp": "1768475086380", "received_at": "2026-01-15T12:04:46.502282"}}
{"event_type": "price_change", "event_ts": "2026-01-15T12:04:46.502282", "ingestion_ts": "2026-01-15T12:08:42.168746", "market_id": "0xcab7ba4a9133cfd407d7e73e5757e5abbace413b59421527a31113406c97815c", "raw": {"market": "0xcab7ba4a9133cfd407d7e73e5757e5abbace413b59421527a31113406c97815c", "asset_id": "20002636398944597965698652220992177552927816915094913583821579024925426590022", "price": "0.994", "size": "127.41", "side": "SELL", "timestamp": "1768475086380", "received_at": "2026-01-15T12:04:46.502282"}}
{"event_type": "price_change", "event_ts": "2026-01-15T12:04:46.502411", "ingestion_ts": "2026-01-15T12:08:42.168746", "market_id": "0xcab7ba4a9133cfd407d7e73e5757e5abbace413b59421527a31113406c97815c", "raw": {"market": "0xcab7ba4a9133cfd407d7e73e5757e5abbace413b59421527a31113406c97815c", "asset_id": "96361925776989336186111887920533578209326565663637092688733016597062311745569", "price": "0.008", "size": "619.71", "side": "BUY", "timestamp": "1768475086380", "received_at": "2026-01-15T12:04:46.502411"}}
{"event_type": "price_change", "event_ts": "2026-01-15T12:04:46.502411", "ingestion_ts": "2026-01-15T12:08:42.168746", "market_id": "0xcab7ba4a9133cfd407d7e73e5757e5abbace413b59421527a31113406c97815c", "raw": {"market": "0xcab7ba4a9133cfd407d7e73e5757e5abbace413b59421527a31113406c97815c", "asset_id": "20002636398944597965698652220992177552927816915094913583821579024925426590022", "price": "0.992", "size": "619.71", "side": "SELL", "timestamp": "1768475086380", "received_at": "2026-01-15T12:04:46.502411"}}
{"event_type": "price_change", "event_ts": "2026-01-15T12:04:47.040539", "ingestion_ts": "2026-01-15T12:08:42.168746", "market_id": "0xcab7ba4a9133cfd407d7e73e5757e5abbace413b59421527a31113406c97815c", "raw": {"market": "0xcab7ba4a9133cfd407d7e73e5757e5abbace413b59421527a31113406c97815c", "asset_id": "96361925776989336186111887920533578209326565663637092688733016597062311745569", "price": "0.006", "size": "136.13", "side": "BUY", "timestamp": "1768475086922", "received_at": "2026-01-15T12:04:47.040539"}}
{"event_type": "price_change", "event_ts": "2026-01-15T12:04:47.040539", "ingestion_ts": "2026-01-15T12:08:42.168746", "market_id": "0xcab7ba4a9133cfd407d7e73e5757e5abbace413b59421527a31113406c97815c", "raw": {"market": "0xcab7ba4a9133cfd407d7e73e5757e5abbace413b59421527a31113406c97815c", "asset_id": "20002636398944597965698652220992177552927816915094913583821579024925426590022", "price": "0.994", "size": "136.13", "side": "SELL", "timestamp": "1768475086922", "received_at": "2026-01-15T12:04:47.040539"}}
{"event_type": "price_change", "event_ts": "2026-01-15T12:04:47.042233", "ingestion_ts": "2026-01-15T12:08:42.168746", "market_id": "0xcab7ba4a9133cfd407d7e73e5757e5abbace413b59421527a31113406c97815c", "raw": {"market": "0xcab7ba4a9133cfd407d7e73e5757e5abbace413b59421527a31113406c97815c", "asset_id": "96361925776989336186111887920533578209326565663637092688733016597062311745569", "price": "0.008", "size": "631.87", "side": "BUY", "timestamp": "1768475086923", "received_at": "2026-01-15T12:04:47.042233"}}
{"event_type": "price_change", "event_ts": "2026-01-15T12:04:47.042233", "ingestion_ts": "2026-01-15T12:08:42.168746", "market_id": "0xcab7ba4a9133cfd407d7e73e5757e5abbace413b59421527a31113406c97815c", "raw": {"market": "0xcab7ba4a9133cfd407d7e73e5757e5abbace413b59421527a31113406c97815c", "asset_id": "20002636398944597965698652220992177552927816915094913583821579024925426590022", "price": "0.992", "size": "631.87", "side": "SELL", "timestamp": "1768475086923", "received_at": "2026-01-15T12:04:47.042233"}}
{"event_type": "price_change", "event_ts": "2026-01-15T12:04:47.421288", "ingestion_ts": "2026-01-15T12:08:42.168746", "market_id": "0xc0e6b917320a47228fb96e3b5ae0e5c93773a5ae2662ae4e1f37807cfe47ce98", "raw": {"market": "0xc0e6b917320a47228fb96e3b5ae0e5c93773a5ae2662ae4e1f37807cfe47ce98", "asset_id": "58656358377246279051017109359677190749228949103591068167284263961542487110215", "price": "0.004", "size": "0", "side": "BUY", "timestamp": "1768475087303", "received_at": "2026-01-15T12:04:47.421288"}}
{"event_type": "price_change", "event_ts": "2026-01-15T12:04:47.421288", "ingestion_ts": "2026-01-15T12:08:42.168746", "market_id": "0xc0e6b917320a47228fb96e3b5ae0e5c93773a5ae2662ae4e1f37807cfe47ce98", "raw": {"market": "0xc0e6b917320a47228fb96e3b5ae0e5c93773a5ae2662ae4e1f37807cfe47ce98", "asset_id": "81647294538046680798858716589766492074338758116170717123345952330712416337530", "price": "0.996", "size": "0", "side": "SELL", "timestamp": "1768475087303", "received_at": "2026-01-15T12:04:47.421288"}}
{"event_type": "price_change", "event_ts": "2026-01-15T12:04:47.826106", "ingestion_ts": "2026-01-15T12:08:42.168746", "market_id": "0xc0e6b917320a47228fb96e3b5ae0e5c93773a5ae2662ae4e1f37807cfe47ce98", "raw": {"market": "0xc0e6b917320a47228fb96e3b5ae0e5c93773a5ae2662ae4e1f37807cfe47ce98", "asset_id": "58656358377246279051017109359677190749228949103591068167284263961542487110215", "price": "0.005", "size": "97.54", "side": "BUY", "timestamp": "1768475087707", "received_at": "2026-01-15T12:04:47.826106"}}
{"event_type": "price_change", "event_ts": "2026-01-15T12:04:47.826106", "ingestion_ts": "2026-01-15T12:08:42.168746", "market_id": "0xc0e6b917320a47228fb96e3b5ae0e5c93773a5ae2662ae4e1f37807cfe47ce98", "raw": {"market": "0xc0e6b917320a47228fb96e3b5ae0e5c93773a5ae2662ae4e1f37807cfe47ce98", "asset_id": "81647294538046680798858716589766492074338758116170717123345952330712416337530", "price": "0.995", "size": "97.54", "side": "SELL", "timestamp": "1768475087707", "received_at": "2026-01-15T12:04:47.826106"}}
{"event_type": "price_change", "event_ts": "2026-01-15T12:04:48.733391", "ingestion_ts": "2026-01-15T12:08:42.168746", "market_id": "0xcab7ba4a9133cfd407d7e73e5757e5abbace413b59421527a31113406c97815c", "raw": {"market": "0xcab7ba4a9133cfd407d7e73e5757e5abbace413b59421527a31113406c97815c", "asset_id": "96361925776989336186111887920533578209326565663637092688733016597062311745569", "price": "0.006", "size": "127.41", "side": "BUY", "timestamp": "1768475088608", "received_at": "2026-01-15T12:04:48.733391"}}
{"event_type": "price_change", "event_ts": "2026-01-15T12:04:48.733391", "ingestion_ts": "2026-01-15T12:08:42.168746", "market_id": "0xcab7ba4a9133cfd407d7e73e5757e5abbace413b59421527a31113406c97815c", "raw": {"market": "0xcab7ba4a9133cfd407d7e73e5757e5abbace413b59421527a31113406c97815c", "asset_id": "20002636398944597965698652220992177552927816915094913583821579024925426590022", "price": "0.994", "size": "127.41", "side": "SELL", "timestamp": "1768475088608", "received_at": "2026-01-15T12:04:48.733391"}}
{"event_type": "price_change", "event_ts": "2026-01-15T12:04:48.733478", "ingestion_ts": "2026-01-15T12:08:42.168746", "market_id": "0xcab7ba4a9133cfd407d7e73e5757e5abbace413b59421527a31113406c97815c", "raw": {"market": "0xcab7ba4a9133cfd407d7e73e5757e5abbace413b59421527a31113406c97815c", "asset_id": "96361925776989336186111887920533578209326565663637092688733016597062311745569", "price": "0.008", "size": "619.71", "side": "BUY", "timestamp": "1768475088608", "received_at": "2026-01-15T12:04:48.733478"}}
{"event_type": "price_change", "event_ts": "2026-01-15T12:04:48.733478", "ingestion_ts": "2026-01-15T12:08:42.168746", "market_id": "0xcab7ba4a9133cfd407d7e73e5757e5abbace413b59421527a31113406c97815c", "raw": {"market": "0xcab7ba4a9133cfd407d7e73e5757e5abbace413b59421527a31113406c97815c", "asset_id": "20002636398944597965698652220992177552927816915094913583821579024925426590022", "price": "0.992", "size": "619.71", "side": "SELL", "timestamp": "1768475088608", "received_at": "2026-01-15T12:04:48.733478"}}
{"event_type": "price_change", "event_ts": "2026-01-15T12:04:49.362376", "ingestion_ts": "2026-01-15T12:08:42.168746", "market_id": "0xcab7ba4a9133cfd407d7e73e5757e5abbace413b59421527a31113406c97815c", "raw": {"market": "0xcab7ba4a9133cfd407d7e73e5757e5abbace413b59421527a31113406c97815c", "asset_id": "96361925776989336186111887920533578209326565663637092688733016597062311745569", "price": "0.008", "size": "631.87", "side": "BUY", "timestamp": "1768475089237", "received_at": "2026-01-15T12:04:49.362376"}}
{"event_type": "price_change", "event_ts": "2026-01-15T12:04:49.362376", "ingestion_ts": "2026-01-15T12:08:42.168746", "market_id": "0xcab7ba4a9133cfd407d7e73e5757e5abbace413b59421527a31113406c97815c", "raw": {"market": "0xcab7ba4a9133cfd407d7e73e5757e5abbace413b59421527a31113406c97815c", "asset_id": "20002636398944597965698652220992177552927816915094913583821579024925426590022", "price": "0.992", "size": "631.87", "side": "SELL", "timestamp": "1768475089237", "received_at": "2026-01-15T12:04:49.362376"}}
{"event_type": "price_change", "event_ts": "2026-01-15T12:04:49.362471", "ingestion_ts": "2026-01-15T12:08:42.168746", "market_id": "0xcab7ba4a9133cfd407d7e73e5757e5abbace413b59421527a31113406c97815c", "raw": {"market": "0xcab7ba4a9133cfd407d7e73e5757e5abbace413b59421527a31113406c97815c", "asset_id": "96361925776989336186111887920533578209326565663637092688733016597062311745569", "price": "0.006", "size": "136.13", "side": "BUY", "timestamp": "1768475089238", "received_at": "2026-01-15T12:04:49.362471"}}
{"event_type": "price_change", "event_ts": "2026-01-15T12:04:49.362471", "ingestion_ts": "2026-01-15T12:08:42.168746", "market_id": "0xcab7ba4a9133cfd407d7e73e5757e5abbace413b59421527a31113406c97815c", "raw": {"market": "0xcab7ba4a9133cfd407d7e73e5757e5abbace413b59421527a31113406c97815c", "asset_id": "20002636398944597965698652220992177552927816915094913583821579024925426590022", "price": "0.994", "size": "136.13", "side": "SELL", "timestamp": "1768475089238", "received_at": "2026-01-15T12:04:49.362471"}}
{"event_type": "price_change", "event_ts": "2026-01-15T12:04:50.118685", "ingestion_ts": "2026-01-15T12:08:42.168746", "market_id": "0xc0e6b917320a47228fb96e3b5ae0e5c93773a5ae2662ae4e1f37807cfe47ce98", "raw": {"market": "0xc0e6b917320a47228fb96e3b5ae0e5c93773a5ae2662ae4e1f37807cfe47ce98", "asset_id": "58656358377246279051017109359677190749228949103591068167284263961542487110215", "price": "0.003", "size": "287.91", "side": "BUY", "timestamp": "1768475090000", "received_at": "2026-01-15T12:04:50.118685"}}
{"event_type": "price_change", "event_ts": "2026-01-15T12:04:50.118685", "ingestion_ts": "2026-01-15T12:08:42.168746", "market_id": "0xc0e6b917320a47228fb96e3b5ae0e5c93773a5ae2662ae4e1f37807cfe47ce98", "raw": {"market": "0xc0e6b917320a47228fb96e3b5ae0e5c93773a5ae2662ae4e1f37807cfe47ce98", "asset_id": "81647294538046680798858716589766492074338758116170717123345952330712416337530", "price": "0.997", "size": "287.91", "side": "SELL", "timestamp": "1768475090000", "received_at": "2026-01-15T12:04:50.118685"}}
{"event_type": "price_change", "event_ts": "2026-01-15T12:04:50.125687", "ingestion_ts": "2026-01-15T12:08:42.168746", "market_id": "0xc0e6b917320a47228fb96e3b5ae0e5c93773a5ae2662ae4e1f37807cfe47ce98", "raw": {"market": "0xc0e6b917320a47228fb96e3b5ae0e5c93773a5ae2662ae4e1f37807cfe47ce98", "asset_id": "58656358377246279051017109359677190749228949103591068167284263961542487110215", "price": "0.003", "size": "287.91", "side": "BUY", "timestamp": "1768475090000", "received_at": "2026-01-15T12:04:50.125687"}}
{"event_type": "price_change", "event_ts": "2026-01-15T12:04:50.125687", "ingestion_ts": "2026-01-15T12:08:42.168746", "market_id": "0xc0e6b917320a47228fb96e3b5ae0e5c93773a5ae2662ae4e1f37807cfe47ce98", "raw": {"market": "0xc0e6b917320a47228fb96e3b5ae0e5c93773a5ae2662ae4e1f37807cfe47ce98", "asset_id": "81647294538046680798858716589766492074338758116170717123345952330712416337530", "price": "0.997", "size": "287.91", "side": "SELL", "timestamp": "1768475090000", "received_at": "2026-01-15T12:04:50.125687"}}
{"event_type": "price_change", "event_ts": "2026-01-15T12:04:50.214759", "ingestion_ts": "2026-01-15T12:08:42.168746", "market_id": "0x50c669f178da4e5bbea7f1be25041fd278914712fa87a6a6f8e57d5923d88dee", "raw": {"market": "0x50c669f178da4e5bbea7f1be25041fd278914712fa87a6a6f8e57d5923d88dee", "asset_id": "74040420326294854165772767082819937451857852955603897473157746262672057685461", "price": "0.469", "size": "0", "side": "BUY", "timestamp": "1768475090096", "received_at": "2026-01-15T12:04:50.214759"}}
{"event_type": "price_change", "event_ts": "2026-01-15T12:04:50.214759", "ingestion_ts": "2026-01-15T12:08:42.168746", "market_id": "0x50c669f178da4e5bbea7f1be25041fd278914712fa87a6a6f8e57d5923d88dee", "raw": {"market": "0x50c669f178da4e5bbea7f1be25041fd278914712fa87a6a6f8e57d5923d88dee", "asset_id": "24682525479474221428144937281315825971983904267399062415430320764754931667953", "price": "0.531", "size": "0", "side": "SELL", "timestamp": "1768475090096", "received_at": "2026-01-15T12:04:50.214759"}}
{"event_type": "price_change", "event_ts": "2026-01-15T12:04:50.267686", "ingestion_ts": "2026-01-15T12:08:42.168746", "market_id": "0x50c669f178da4e5bbea7f1be25041fd278914712fa87a6a6f8e57d5923d88dee", "raw": {"market": "0x50c669f178da4e5bbea7f1be25041fd278914712fa87a6a6f8e57d5923d88dee", "asset_id": "74040420326294854165772767082819937451857852955603897473157746262672057685461", "price": "0.469", "size": "5", "side": "BUY", "timestamp": "1768475090149", "received_at": "2026-01-15T12:04:50.267686"}}
{"event_type": "price_change", "event_ts": "2026-01-15T12:04:50.267686", "ingestion_ts": "2026-01-15T12:08:42.168746", "market_id": "0x50c669f178da4e5bbea7f1be25041fd278914712fa87a6a6f8e57d5923d88dee", "raw": {"market": "0x50c669f178da4e5bbea7f1be25041fd278914712fa87a6a6f8e57d5923d88dee", "asset_id": "24682525479474221428144937281315825971983904267399062415430320764754931667953", "price": "0.531", "size": "5", "side": "SELL", "timestamp": "1768475090149", "received_at": "2026-01-15T12:04:50.267686"}}
{"event_type": "price_change", "event_ts": "2026-01-15T12:04:51.446528", "ingestion_ts": "2026-01-15T12:08:42.168746", "market_id": "0xc0e6b917320a47228fb96e3b5ae0e5c93773a5ae2662ae4e1f37807cfe47ce98", "raw": {"market": "0xc0e6b917320a47228fb96e3b5ae0e5c93773a5ae2662ae4e1f37807cfe47ce98", "asset_id": "58656358377246279051017109359677190749228949103591068167284263961542487110215", "price": "0.005", "size": "2.98", "side": "BUY", "timestamp": "1768475091315", "received_at": "2026-01-15T12:04:51.446528"}}
{"event_type": "price_change", "event_ts": "2026-01-15T12:04:51.446528", "ingestion_ts": "2026-01-15T12:08:42.168746", "market_id": "0xc0e6b917320a47228fb96e3b5ae0e5c93773a5ae2662ae4e1f37807cfe47ce98", "raw": {"market": "0xc0e6b917320a47228fb96e3b5ae0e5c93773a5ae2662ae4e1f37807cfe47ce98", "asset_id": "81647294538046680798858716589766492074338758116170717123345952330712416337530", "price": "0.995", "size": "2.98", "side": "SELL", "timestamp": "1768475091315", "received_at": "2026-01-15T12:04:51.446528"}}
{"event_type": "price_change", "event_ts": "2026-01-15T12:04:51.446627", "ingestion_ts": "2026-01-15T12:08:42.168746", "market_id": "0xcab7ba4a9133cfd407d7e73e5757e5abbace413b59421527a31113406c97815c", "raw": {"market": "0xcab7ba4a9133cfd407d7e73e5757e5abbace413b59421527a31113406c97815c", "asset_id": "96361925776989336186111887920533578209326565663637092688733016597062311745569", "price": "0.006", "size": "127.41", "side": "BUY", "timestamp": "1768475091315", "received_at": "2026-01-15T12:04:51.446627"}}
{"event_type": "price_change", "event_ts": "2026-01-15T12:04:51.446627", "ingestion_ts": "2026-01-15T12:08:42.168746", "market_id": "0xcab7ba4a9133cfd407d7e73e5757e5abbace413b59421527a31113406c97815c", "raw": {"market": "0xcab7ba4a9133cfd407d7e73e5757e5abbace413b59421527a31113406c97815c", "asset_id": "20002636398944597965698652220992177552927816915094913583821579024925426590022", "price": "0.994", "size": "127.41", "side": "SELL", "timestamp": "1768475091315", "received_at": "2026-01-15T12:04:51.446627"}}
{"event_type": "price_change", "event_ts": "2026-01-15T12:04:51.446667", "ingestion_ts": "2026-01-15T12:08:42.168746", "market_id": "0xcab7ba4a9133cfd407d7e73e5757e5abbace413b59421527a31113406c97815c", "raw": {"market": "0xcab7ba4a9133cfd407d7e73e5757e5abbace413b59421527a31113406c97815c", "asset_id": "96361925776989336186111887920533578209326565663637092688733016597062311745569", "price": "0.008", "size": "619.71", "side": "BUY", "timestamp": "1768475091315", "received_at": "2026-01-15T12:04:51.446667"}}
{"event_type": "price_change", "event_ts": "2026-01-15T12:04:51.446667", "ingestion_ts": "2026-01-15T12:08:42.168746", "market_id": "0xcab7ba4a9133cfd407d7e73e5757e5abbace413b59421527a31113406c97815c", "raw": {"market": "0xcab7ba4a9133cfd407d7e73e5757e5abbace413b59421527a31113406c97815c", "asset_id": "20002636398944597965698652220992177552927816915094913583821579024925426590022", "price": "0.992", "size": "619.71", "side": "SELL", "timestamp": "1768475091315", "received_at": "2026-01-15T12:04:51.446667"}}
{"event_type": "price_change", "event_ts": "2026-01-15T12:04:52.050948", "ingestion_ts": "2026-01-15T12:08:42.168746", "market_id": "0xc0e6b917320a47228fb96e3b5ae0e5c93773a5ae2662ae4e1f37807cfe47ce98", "raw": {"market": "0xc0e6b917320a47228fb96e3b5ae0e5c93773a5ae2662ae4e1f37807cfe47ce98", "asset_id": "58656358377246279051017109359677190749228949103591068167284263961542487110215", "price": "0.003", "size": "457.97", "side": "BUY", "timestamp": "1768475091929", "received_at": "2026-01-15T12:04:52.050948"}}
{"event_type": "price_change", "event_ts": "2026-01-15T12:04:52.050948", "ingestion_ts": "2026-01-15T12:08:42.168746", "market_id": "0xc0e6b917320a47228fb96e3b5ae0e5c93773a5ae2662ae4e1f37807cfe47ce98", "raw": {"market": "0xc0e6b917320a47228fb96e3b5ae0e5c93773a5ae2662ae4e1f37807cfe47ce98", "asset_id": "81647294538046680798858716589766492074338758116170717123345952330712416337530", "price": "0.997", "size": "457.97", "side": "SELL", "timestamp": "1768475091929", "received_at": "2026-01-15T12:04:52.050948"}}
{"event_type": "price_change", "event_ts": "2026-01-15T12:04:52.054335", "ingestion_ts": "2026-01-15T12:08:42.168746", "market_id": "0xcab7ba4a9133cfd407d7e73e5757e5abbace413b59421527a31113406c97815c", "raw": {"market": "0xcab7ba4a9133cfd407d7e73e5757e5abbace413b59421527a31113406c97815c", "asset_id": "96361925776989336186111887920533578209326565663637092688733016597062311745569", "price": "0.008", "size": "631.87", "side": "BUY", "timestamp": "1768475091929", "received_at": "2026-01-15T12:04:52.054335"}}
{"event_type": "price_change", "event_ts": "2026-01-15T12:04:52.054335", "ingestion_ts": "2026-01-15T12:08:42.168746", "market_id": "0xcab7ba4a9133cfd407d7e73e5757e5abbace413b59421527a31113406c97815c", "raw": {"market": "0xcab7ba4a9133cfd407d7e73e5757e5abbace413b59421527a31113406c97815c", "asset_id": "20002636398944597965698652220992177552927816915094913583821579024925426590022", "price": "0.992", "size": "631.87", "side": "SELL", "timestamp": "1768475091929", "received_at": "2026-01-15T12:04:52.054335"}}
{"event_type": "price_change", "event_ts": "2026-01-15T12:04:52.054423", "ingestion_ts": "2026-01-15T12:08:42.168746", "market_id": "0xcab7ba4a9133cfd407d7e73e5757e5abbace413b59421527a31113406c97815c", "raw": {"market": "0xcab7ba4a9133cfd407d7e73e5757e5abbace413b59421527a31113406c97815c", "asset_id": "96361925776989336186111887920533578209326565663637092688733016597062311745569", "price": "0.006", "size": "136.13", "side": "BUY", "timestamp": "1768475091930", "received_at": "2026-01-15T12:04:52.054423"}}
{"event_type": "price_change", "event_ts": "2026-01-15T12:04:52.054423", "ingestion_ts": "2026-01-15T12:08:42.168746", "market_id": "0xcab7ba4a9133cfd407d7e73e5757e5abbace413b59421527a31113406c97815c", "raw": {"market": "0xcab7ba4a9133cfd407d7e73e5757e5abbace413b59421527a31113406c97815c", "asset_id": "20002636398944597965698652220992177552927816915094913583821579024925426590022", "price": "0.994", "size": "136.13", "side": "SELL", "timestamp": "1768475091930", "received_at": "2026-01-15T12:04:52.054423"}}
{"event_type": "price_change", "event_ts": "2026-01-15T12:04:52.412951", "ingestion_ts": "2026-01-15T12:08:42.168746", "market_id": "0x50e477f0b316a3d97d60486479657c63be0763834d0e2e8a30b1b86dc3c1c001", "raw": {"market": "0x50e477f0b316a3d97d60486479657c63be0763834d0e2e8a30b1b86dc3c1c001", "asset_id": "39981134260608444876865205057565852475343967395624370698967311821208058420507", "price": "0.353", "size": "0", "side": "BUY", "timestamp": "1768475092295", "received_at": "2026-01-15T12:04:52.412951"}}
{"event_type": "price_change", "event_ts": "2026-01-15T12:04:52.412951", "ingestion_ts": "2026-01-15T12:08:42.168746", "market_id": "0x50e477f0b316a3d97d60486479657c63be0763834d0e2e8a30b1b86dc3c1c001", "raw": {"market": "0x50e477f0b316a3d97d60486479657c63be0763834d0e2e8a30b1b86dc3c1c001", "asset_id": "60573178197991590327120832143415406583517170365625050489007297367895074266641", "price": "0.647", "size": "0", "side": "SELL", "timestamp": "1768475092295", "received_at": "2026-01-15T12:04:52.412951"}}
{"event_type": "price_change", "event_ts": "2026-01-15T12:04:52.460082", "ingestion_ts": "2026-01-15T12:08:42.168746", "market_id": "0x50e477f0b316a3d97d60486479657c63be0763834d0e2e8a30b1b86dc3c1c001", "raw": {"market": "0x50e477f0b316a3d97d60486479657c63be0763834d0e2e8a30b1b86dc3c1c001", "asset_id": "39981134260608444876865205057565852475343967395624370698967311821208058420507", "price": "0.353", "size": "5", "side": "BUY", "timestamp": "1768475092343", "received_at": "2026-01-15T12:04:52.460082"}}
{"event_type": "price_change", "event_ts": "2026-01-15T12:04:52.460082", "ingestion_ts": "2026-01-15T12:08:42.168746", "market_id": "0x50e477f0b316a3d97d60486479657c63be0763834d0e2e8a30b1b86dc3c1c001", "raw": {"market": "0x50e477f0b316a3d97d60486479657c63be0763834d0e2e8a30b1b86dc3c1c001", "asset_id": "60573178197991590327120832143415406583517170365625050489007297367895074266641", "price": "0.647", "size": "5", "side": "SELL", "timestamp": "1768475092343", "received_at": "2026-01-15T12:04:52.460082"}}
{"event_type": "price_change", "event_ts": "2026-01-15T12:04:55.317133", "ingestion_ts": "2026-01-15T12:08:42.168746", "market_id": "0xcab7ba4a9133cfd407d7e73e5757e5abbace413b59421527a31113406c97815c", "raw": {"market": "0xcab7ba4a9133cfd407d7e73e5757e5abbace413b59421527a31113406c97815c", "asset_id": "96361925776989336186111887920533578209326565663637092688733016597062311745569", "price": "0.006", "size": "127.41", "side": "BUY", "timestamp": "1768475095188", "received_at": "2026-01-15T12:04:55.317133"}}
{"event_type": "price_change", "event_ts": "2026-01-15T12:04:55.317133", "ingestion_ts": "2026-01-15T12:08:42.168746", "market_id": "0xcab7ba4a9133cfd407d7e73e5757e5abbace413b59421527a31113406c97815c", "raw": {"market": "0xcab7ba4a9133cfd407d7e73e5757e5abbace413b59421527a31113406c97815c", "asset_id": "20002636398944597965698652220992177552927816915094913583821579024925426590022", "price": "0.994", "size": "127.41", "side": "SELL", "timestamp": "1768475095188", "received_at": "2026-01-15T12:04:55.317133"}}
{"event_type": "price_change", "event_ts": "2026-01-15T12:04:55.317239", "ingestion_ts": "2026-01-15T12:08:42.168746", "market_id": "0xcab7ba4a9133cfd407d7e73e5757e5abbace413b59421527a31113406c97815c", "raw": {"market": "0xcab7ba4a9133cfd407d7e73e5757e5abbace413b59421527a31113406c97815c", "asset_id": "96361925776989336186111887920533578209326565663637092688733016597062311745569", "price": "0.008", "size": "619.71", "side": "BUY", "timestamp": "1768475095188", "received_at": "2026-01-15T12:04:55.317239"}}
{"event_type": "price_change", "event_ts": "2026-01-15T12:04:55.317239", "ingestion_ts": "2026-01-15T12:08:42.168746", "market_id": "0xcab7ba4a9133cfd407d7e73e5757e5abbace413b59421527a31113406c97815c", "raw": {"market": "0xcab7ba4a9133cfd407d7e73e5757e5abbace413b59421527a31113406c97815c", "asset_id": "20002636398944597965698652220992177552927816915094913583821579024925426590022", "price": "0.992", "size": "619.71", "side": "SELL", "timestamp": "1768475095188", "received_at": "2026-01-15T12:04:55.317239"}}
{"event_type": "price_change", "event_ts": "2026-01-15T12:04:55.759123", "ingestion_ts": "2026-01-15T12:08:42.168746", "market_id": "0xc0e6b917320a47228fb96e3b5ae0e5c93773a5ae2662ae4e1f37807cfe47ce98", "raw": {"market": "0xc0e6b917320a47228fb96e3b5ae0e5c93773a5ae2662ae4e1f37807cfe47ce98", "asset_id": "58656358377246279051017109359677190749228949103591068167284263961542487110215", "price": "0.003", "size": "287.91", "side": "BUY", "timestamp": "1768475095639", "received_at": "2026-01-15T12:04:55.759123"}}
{"event_type": "price_change", "event_ts": "2026-01-15T12:04:55.759123", "ingestion_ts": "2026-01-15T12:08:42.168746", "market_id": "0xc0e6b917320a47228fb96e3b5ae0e5c93773a5ae2662ae4e1f37807cfe47ce98", "raw": {"market": "0xc0e6b917320a47228fb96e3b5ae0e5c93773a5ae2662ae4e1f37807cfe47ce98", "asset_id": "81647294538046680798858716589766492074338758116170717123345952330712416337530", "price": "0.997", "size": "287.91", "side": "SELL", "timestamp": "1768475095639", "received_at": "2026-01-15T12:04:55.759123"}}
{"event_type": "price_change", "event_ts": "2026-01-15T12:04:55.797193", "ingestion_ts": "2026-01-15T12:08:42.168746", "market_id": "0xcab7ba4a9133cfd407d7e73e5757e5abbace413b59421527a31113406c97815c", "raw": {"market": "0xcab7ba4a9133cfd407d7e73e5757e5abbace413b59421527a31113406c97815c", "asset_id": "96361925776989336186111887920533578209326565663637092688733016597062311745569", "price": "0.006", "size": "136.13", "side": "BUY", "timestamp": "1768475095673", "received_at": "2026-01-15T12:04:55.797193"}}
{"event_type": "price_change", "event_ts": "2026-01-15T12:04:55.797193", "ingestion_ts": "2026-01-15T12:08:42.168746", "market_id": "0xcab7ba4a9133cfd407d7e73e5757e5abbace413b59421527a31113406c97815c", "raw": {"market": "0xcab7ba4a9133cfd407d7e73e5757e5abbace413b59421527a31113406c97815c", "asset_id": "20002636398944597965698652220992177552927816915094913583821579024925426590022", "price": "0.994", "size": "136.13", "side": "SELL", "timestamp": "1768475095673", "received_at": "2026-01-15T12:04:55.797193"}}
{"event_type": "price_change", "event_ts": "2026-01-15T12:04:55.797288", "ingestion_ts": "2026-01-15T12:08:42.168746", "market_id": "0xcab7ba4a9133cfd407d7e73e5757e5abbace413b59421527a31113406c97815c", "raw": {"market": "0xcab7ba4a9133cfd407d7e73e5757e5abbace413b59421527a31113406c97815c", "asset_id": "96361925776989336186111887920533578209326565663637092688733016597062311745569", "price": "0.008", "size": "631.87", "side": "BUY", "timestamp": "1768475095674", "received_at": "2026-01-15T12:04:55.797288"}}
{"event_type": "price_change", "event_ts": "2026-01-15T12:04:55.797288", "ingestion_ts": "2026-01-15T12:08:42.168746", "market_id": "0xcab7ba4a9133cfd407d7e73e5757e5abbace413b59421527a31113406c97815c", "raw": {"market": "0xcab7ba4a9133cfd407d7e73e5757e5abbace413b59421527a31113406c97815c", "asset_id": "20002636398944597965698652220992177552927816915094913583821579024925426590022", "price": "0.992", "size": "631.87", "side": "SELL", "timestamp": "1768475095674", "received_at": "2026-01-15T12:04:55.797288"}}
{"event_type": "price_change", "event_ts": "2026-01-15T12:04:56.158989", "ingestion_ts": "2026-01-15T12:08:42.168746", "market_id": "0xc0e6b917320a47228fb96e3b5ae0e5c93773a5ae2662ae4e1f37807cfe47ce98", "raw": {"market": "0xc0e6b917320a47228fb96e3b5ae0e5c93773a5ae2662ae4e1f37807cfe47ce98", "asset_id": "58656358377246279051017109359677190749228949103591068167284263961542487110215", "price": "0.004", "size": "127.55", "side": "BUY", "timestamp": "1768475096035", "received_at": "2026-01-15T12:04:56.158989"}}
{"event_type": "price_change", "event_ts": "2026-01-15T12:04:56.158989", "ingestion_ts": "2026-01-15T12:08:42.168746", "market_id": "0xc0e6b917320a47228fb96e3b5ae0e5c93773a5ae2662ae4e1f37807cfe47ce98", "raw": {"market": "0xc0e6b917320a47228fb96e3b5ae0e5c93773a5ae2662ae4e1f37807cfe47ce98", "asset_id": "81647294538046680798858716589766492074338758116170717123345952330712416337530", "price": "0.996", "size": "127.55", "side": "SELL", "timestamp": "1768475096035", "received_at": "2026-01-15T12:04:56.158989"}}
{"event_type": "price_change", "event_ts": "2026-01-15T12:04:57.120592", "ingestion_ts": "2026-01-15T12:08:42.168746", "market_id": "0xcab7ba4a9133cfd407d7e73e5757e5abbace413b59421527a31113406c97815c", "raw": {"market": "0xcab7ba4a9133cfd407d7e73e5757e5abbace413b59421527a31113406c97815c", "asset_id": "96361925776989336186111887920533578209326565663637092688733016597062311745569", "price": "0.006", "size": "127.41", "side": "BUY", "timestamp": "1768475096985", "received_at": "2026-01-15T12:04:57.120592"}}
{"event_type": "price_change", "event_ts": "2026-01-15T12:04:57.120592", "ingestion_ts": "2026-01-15T12:08:42.168746", "market_id": "0xcab7ba4a9133cfd407d7e73e5757e5abbace413b59421527a31113406c97815c", "raw": {"market": "0xcab7ba4a9133cfd407d7e73e5757e5abbace413b59421527a31113406c97815c", "asset_id": "20002636398944597965698652220992177552927816915094913583821579024925426590022", "price": "0.994", "size": "127.41", "side": "SELL", "timestamp": "1768475096985", "received_at": "2026-01-15T12:04:57.120592"}}
{"event_type": "price_change", "event_ts": "2026-01-15T12:04:57.120675", "ingestion_ts": "2026-01-15T12:08:42.168746", "market_id": "0xcab7ba4a9133cfd407d7e73e5757e5abbace413b59421527a31113406c97815c", "raw": {"market": "0xcab7ba4a9133cfd407d7e73e5757e5abbace413b59421527a31113406c97815c", "asset_id": "96361925776989336186111887920533578209326565663637092688733016597062311745569", "price": "0.008", "size": "619.71", "side": "BUY", "timestamp": "1768475096985", "received_at": "2026-01-15T12:04:57.120675"}}
{"event_type": "price_change", "event_ts": "2026-01-15T12:04:57.120675", "ingestion_ts": "2026-01-15T12:08:42.168746", "market_id": "0xcab7ba4a9133cfd407d7e73e5757e5abbace413b59421527a31113406c97815c", "raw": {"market": "0xcab7ba4a9133cfd407d7e73e5757e5abbace413b59421527a31113406c97815c", "asset_id": "20002636398944597965698652220992177552927816915094913583821579024925426590022", "price": "0.992", "size": "619.71", "side": "SELL", "timestamp": "1768475096985", "received_at": "2026-01-15T12:04:57.120675"}}
{"event_type": "price_change", "event_ts": "2026-01-15T12:04:57.499496", "ingestion_ts": "2026-01-15T12:08:42.168746", "market_id": "0xcab7ba4a9133cfd407d7e73e5757e5abbace413b59421527a31113406c97815c", "raw": {"market": "0xcab7ba4a9133cfd407d7e73e5757e5abbace413b59421527a31113406c97815c", "asset_id": "96361925776989336186111887920533578209326565663637092688733016597062311745569", "price": "0.006", "size": "136.13", "side": "BUY", "timestamp": "1768475097380", "received_at": "2026-01-15T12:04:57.499496"}}
{"event_type": "price_change", "event_ts": "2026-01-15T12:04:57.499496", "ingestion_ts": "2026-01-15T12:08:42.168746", "market_id": "0xcab7ba4a9133cfd407d7e73e5757e5abbace413b59421527a31113406c97815c", "raw": {"market": "0xcab7ba4a9133cfd407d7e73e5757e5abbace413b59421527a31113406c97815c", "asset_id": "20002636398944597965698652220992177552927816915094913583821579024925426590022", "price": "0.994", "size": "136.13", "side": "SELL", "timestamp": "1768475097380", "received_at": "2026-01-15T12:04:57.499496"}}
{"event_type": "price_change", "event_ts": "2026-01-15T12:04:57.504587", "ingestion_ts": "2026-01-15T12:08:42.168746", "market_id": "0xcab7ba4a9133cfd407d7e73e5757e5abbace413b59421527a31113406c97815c", "raw": {"market": "0xcab7ba4a9133cfd407d7e73e5757e5abbace413b59421527a31113406c97815c", "asset_id": "96361925776989336186111887920533578209326565663637092688733016597062311745569", "price": "0.008", "size": "631.87", "side": "BUY", "timestamp": "1768475097385", "received_at": "2026-01-15T12:04:57.504587"}}
{"event_type": "price_change", "event_ts": "2026-01-15T12:04:57.504587", "ingestion_ts": "2026-01-15T12:08:42.168746", "market_id": "0xcab7ba4a9133cfd407d7e73e5757e5abbace413b59421527a31113406c97815c", "raw": {"market": "0xcab7ba4a9133cfd407d7e73e5757e5abbace413b59421527a31113406c97815c", "asset_id": "20002636398944597965698652220992177552927816915094913583821579024925426590022", "price": "0.992", "size": "631.87", "side": "SELL", "timestamp": "1768475097385", "received_at": "2026-01-15T12:04:57.504587"}}
{"event_type": "price_change", "event_ts": "2026-01-15T12:04:58.804046", "ingestion_ts": "2026-01-15T12:08:42.168746", "market_id": "0xc0e6b917320a47228fb96e3b5ae0e5c93773a5ae2662ae4e1f37807cfe47ce98", "raw": {"market": "0xc0e6b917320a47228fb96e3b5ae0e5c93773a5ae2662ae4e1f37807cfe47ce98", "asset_id": "58656358377246279051017109359677190749228949103591068167284263961542487110215", "price": "0.004", "size": "0", "side": "BUY", "timestamp": "1768475098685", "received_at": "2026-01-15T12:04:58.804046"}}
{"event_type": "price_change", "event_ts": "2026-01-15T12:04:58.804046", "ingestion_ts": "2026-01-15T12:08:42.168746", "market_id": "0xc0e6b917320a47228fb96e3b5ae0e5c93773a5ae2662ae4e1f37807cfe47ce98", "raw": {"market": "0xc0e6b917320a47228fb96e3b5ae0e5c93773a5ae2662ae4e1f37807cfe47ce98", "asset_id": "81647294538046680798858716589766492074338758116170717123345952330712416337530", "price": "0.996", "size": "0", "side": "SELL", "timestamp": "1768475098685", "received_at": "2026-01-15T12:04:58.804046"}}
{"event_type": "price_change", "event_ts": "2026-01-15T12:04:59.124223", "ingestion_ts": "2026-01-15T12:08:42.168746", "market_id": "0xc0e6b917320a47228fb96e3b5ae0e5c93773a5ae2662ae4e1f37807cfe47ce98", "raw": {"market": "0xc0e6b917320a47228fb96e3b5ae0e5c93773a5ae2662ae4e1f37807cfe47ce98", "asset_id": "58656358377246279051017109359677190749228949103591068167284263961542487110215", "price": "0.005", "size": "105.02", "side": "BUY", "timestamp": "1768475098984", "received_at": "2026-01-15T12:04:59.124223"}}
{"event_type": "price_change", "event_ts": "2026-01-15T12:04:59.124223", "ingestion_ts": "2026-01-15T12:08:42.168746", "market_id": "0xc0e6b917320a47228fb96e3b5ae0e5c93773a5ae2662ae4e1f37807cfe47ce98", "raw": {"market": "0xc0e6b917320a47228fb96e3b5ae0e5c93773a5ae2662ae4e1f37807cfe47ce98", "asset_id": "81647294538046680798858716589766492074338758116170717123345952330712416337530", "price": "0.995", "size": "105.02", "side": "SELL", "timestamp": "1768475098984", "received_at": "2026-01-15T12:04:59.124223"}}
{"event_type": "price_change", "event_ts": "2026-01-15T12:05:00.320912", "ingestion_ts": "2026-01-15T12:08:42.168746", "market_id": "0xcab7ba4a9133cfd407d7e73e5757e5abbace413b59421527a31113406c97815c", "raw": {"market": "0xcab7ba4a9133cfd407d7e73e5757e5abbace413b59421527a31113406c97815c", "asset_id": "96361925776989336186111887920533578209326565663637092688733016597062311745569", "price": "0.006", "size": "127.41", "side": "BUY", "timestamp": "1768475100197", "received_at": "2026-01-15T12:05:00.320912"}}
{"event_type": "price_change", "event_ts": "2026-01-15T12:05:00.320912", "ingestion_ts": "2026-01-15T12:08:42.168746", "market_id": "0xcab7ba4a9133cfd407d7e73e5757e5abbace413b59421527a31113406c97815c", "raw": {"market": "0xcab7ba4a9133cfd407d7e73e5757e5abbace413b59421527a31113406c97815c", "asset_id": "20002636398944597965698652220992177552927816915094913583821579024925426590022", "price": "0.994", "size": "127.41", "side": "SELL", "timestamp": "1768475100197", "received_at": "2026-01-15T12:05:00.320912"}}
{"event_type": "price_change", "event_ts": "2026-01-15T12:05:00.321005", "ingestion_ts": "2026-01-15T12:08:42.168746", "market_id": "0xcab7ba4a9133cfd407d7e73e5757e5abbace413b59421527a31113406c97815c", "raw": {"market": "0xcab7ba4a9133cfd407d7e73e5757e5abbace413b59421527a31113406c97815c", "asset_id": "96361925776989336186111887920533578209326565663637092688733016597062311745569", "price": "0.008", "size": "619.71", "side": "BUY", "timestamp": "1768475100197", "received_at": "2026-01-15T12:05:00.321005"}}
{"event_type": "price_change", "event_ts": "2026-01-15T12:05:00.321005", "ingestion_ts": "2026-01-15T12:08:42.168746", "market_id": "0xcab7ba4a9133cfd407d7e73e5757e5abbace413b59421527a31113406c97815c", "raw": {"market": "0xcab7ba4a9133cfd407d7e73e5757e5abbace413b59421527a31113406c97815c", "asset_id": "20002636398944597965698652220992177552927816915094913583821579024925426590022", "price": "0.992", "size": "619.71", "side": "SELL", "timestamp": "1768475100197", "received_at": "2026-01-15T12:05:00.321005"}}
{"event_type": "price_change", "event_ts": "2026-01-15T12:05:00.786376", "ingestion_ts": "2026-01-15T12:08:42.168746", "market_id": "0xcab7ba4a9133cfd407d7e73e5757e5abbace413b59421527a31113406c97815c", "raw": {"market": "0xcab7ba4a9133cfd407d7e73e5757e5abbace413b59421527a31113406c97815c", "asset_id": "96361925776989336186111887920533578209326565663637092688733016597062311745569", "price": "0.006", "size": "136.13", "side": "BUY", "timestamp": "1768475100646", "received_at": "2026-01-15T12:05:00.786376"}}
{"event_type": "price_change", "event_ts": "2026-01-15T12:05:00.786376", "ingestion_ts": "2026-01-15T12:08:42.168746", "market_id": "0xcab7ba4a9133cfd407d7e73e5757e5abbace413b59421527a31113406c97815c", "raw": {"market": "0xcab7ba4a9133cfd407d7e73e5757e5abbace413b59421527a31113406c97815c", "asset_id": "20002636398944597965698652220992177552927816915094913583821579024925426590022", "price": "0.994", "size": "136.13", "side": "SELL", "timestamp": "1768475100646", "received_at": "2026-01-15T12:05:00.786376"}}
{"event_type": "price_change", "event_ts": "2026-01-15T12:05:00.786416", "ingestion_ts": "2026-01-15T12:08:42.168746", "market_id": "0xcab7ba4a9133cfd407d7e73e5757e5abbace413b59421527a31113406c97815c", "raw": {"market": "0xcab7ba4a9133cfd407d7e73e5757e5abbace413b59421527a31113406c97815c", "asset_id": "96361925776989336186111887920533578209326565663637092688733016597062311745569", "price": "0.008", "size": "631.87", "side": "BUY", "timestamp": "1768475100648", "received_at": "2026-01-15T12:05:00.786416"}}
{"event_type": "price_change", "event_ts": "2026-01-15T12:05:00.786416", "ingestion_ts": "2026-01-15T12:08:42.168746", "market_id": "0xcab7ba4a9133cfd407d7e73e5757e5abbace413b59421527a31113406c97815c", "raw": {"market": "0xcab7ba4a9133cfd407d7e73e5757e5abbace413b59421527a31113406c97815c", "asset_id": "20002636398944597965698652220992177552927816915094913583821579024925426590022", "price": "0.992", "size": "631.87", "side": "SELL", "timestamp": "1768475100648", "received_at": "2026-01-15T12:05:00.786416"}}
{"event_type": "price_change", "event_ts": "2026-01-15T12:05:03.252961", "ingestion_ts": "2026-01-15T12:08:42.168746", "market_id": "0xcab7ba4a9133cfd407d7e73e5757e5abbace413b59421527a31113406c97815c", "raw": {"market": "0xcab7ba4a9133cfd407d7e73e5757e5abbace413b59421527a31113406c97815c", "asset_id": "96361925776989336186111887920533578209326565663637092688733016597062311745569", "price": "0.006", "size": "127.41", "side": "BUY", "timestamp": "1768475103129", "received_at": "2026-01-15T12:05:03.252961"}}
{"event_type": "price_change", "event_ts": "2026-01-15T12:05:03.252961", "ingestion_ts": "2026-01-15T12:08:42.168746", "market_id": "0xcab7ba4a9133cfd407d7e73e5757e5abbace413b59421527a31113406c97815c", "raw": {"market": "0xcab7ba4a9133cfd407d7e73e5757e5abbace413b59421527a31113406c97815c", "asset_id": "20002636398944597965698652220992177552927816915094913583821579024925426590022", "price": "0.994", "size": "127.41", "side": "SELL", "timestamp": "1768475103129", "received_at": "2026-01-15T12:05:03.252961"}}
{"event_type": "price_change", "event_ts": "2026-01-15T12:05:03.253071", "ingestion_ts": "2026-01-15T12:08:42.168746", "market_id": "0xcab7ba4a9133cfd407d7e73e5757e5abbace413b59421527a31113406c97815c", "raw": {"market": "0xcab7ba4a9133cfd407d7e73e5757e5abbace413b59421527a31113406c97815c", "asset_id": "96361925776989336186111887920533578209326565663637092688733016597062311745569", "price": "0.008", "size": "619.71", "side": "BUY", "timestamp": "1768475103129", "received_at": "2026-01-15T12:05:03.253071"}}
{"event_type": "price_change", "event_ts": "2026-01-15T12:05:03.253071", "ingestion_ts": "2026-01-15T12:08:42.168746", "market_id": "0xcab7ba4a9133cfd407d7e73e5757e5abbace413b59421527a31113406c97815c", "raw": {"market": "0xcab7ba4a9133cfd407d7e73e5757e5abbace413b59421527a31113406c97815c", "asset_id": "20002636398944597965698652220992177552927816915094913583821579024925426590022", "price": "0.992", "size": "619.71", "side": "SELL", "timestamp": "1768475103129", "received_at": "2026-01-15T12:05:03.253071"}}
{"event_type": "price_change", "event_ts": "2026-01-15T12:05:03.875560", "ingestion_ts": "2026-01-15T12:08:42.168746", "market_id": "0xc0e6b917320a47228fb96e3b5ae0e5c93773a5ae2662ae4e1f37807cfe47ce98", "raw": {"market": "0xc0e6b917320a47228fb96e3b5ae0e5c93773a5ae2662ae4e1f37807cfe47ce98", "asset_id": "58656358377246279051017109359677190749228949103591068167284263961542487110215", "price": "0.005", "size": "2.98", "side": "BUY", "timestamp": "1768475103754", "received_at": "2026-01-15T12:05:03.875560"}}
{"event_type": "price_change", "event_ts": "2026-01-15T12:05:03.875560", "ingestion_ts": "2026-01-15T12:08:42.168746", "market_id": "0xc0e6b917320a47228fb96e3b5ae0e5c93773a5ae2662ae4e1f37807cfe47ce98", "raw": {"market": "0xc0e6b917320a47228fb96e3b5ae0e5c93773a5ae2662ae4e1f37807cfe47ce98", "asset_id": "81647294538046680798858716589766492074338758116170717123345952330712416337530", "price": "0.995", "size": "2.98", "side": "SELL", "timestamp": "1768475103754", "received_at": "2026-01-15T12:05:03.875560"}}
{"event_type": "price_change", "event_ts": "2026-01-15T12:05:04.092624", "ingestion_ts": "2026-01-15T12:08:42.168746", "market_id": "0xcab7ba4a9133cfd407d7e73e5757e5abbace413b59421527a31113406c97815c", "raw": {"market": "0xcab7ba4a9133cfd407d7e73e5757e5abbace413b59421527a31113406c97815c", "asset_id": "96361925776989336186111887920533578209326565663637092688733016597062311745569", "price": "0.006", "size": "136.13", "side": "BUY", "timestamp": "1768475103972", "received_at": "2026-01-15T12:05:04.092624"}}
{"event_type": "price_change", "event_ts": "2026-01-15T12:05:04.092624", "ingestion_ts": "2026-01-15T12:08:42.168746", "market_id": "0xcab7ba4a9133cfd407d7e73e5757e5abbace413b59421527a31113406c97815c", "raw": {"market": "0xcab7ba4a9133cfd407d7e73e5757e5abbace413b59421527a31113406c97815c", "asset_id": "20002636398944597965698652220992177552927816915094913583821579024925426590022", "price": "0.994", "size": "136.13", "side": "SELL", "timestamp": "1768475103972", "received_at": "2026-01-15T12:05:04.092624"}}
{"event_type": "price_change", "event_ts": "2026-01-15T12:05:04.092676", "ingestion_ts": "2026-01-15T12:08:42.168746", "market_id": "0xcab7ba4a9133cfd407d7e73e5757e5abbace413b59421527a31113406c97815c", "raw": {"market": "0xcab7ba4a9133cfd407d7e73e5757e5abbace413b59421527a31113406c97815c", "asset_id": "96361925776989336186111887920533578209326565663637092688733016597062311745569", "price": "0.008", "size": "631.87", "side": "BUY", "timestamp": "1768475103973", "received_at": "2026-01-15T12:05:04.092676"}}
{"event_type": "price_change", "event_ts": "2026-01-15T12:05:04.092676", "ingestion_ts": "2026-01-15T12:08:42.168746", "market_id": "0xcab7ba4a9133cfd407d7e73e5757e5abbace413b59421527a31113406c97815c", "raw": {"market": "0xcab7ba4a9133cfd407d7e73e5757e5abbace413b59421527a31113406c97815c", "asset_id": "20002636398944597965698652220992177552927816915094913583821579024925426590022", "price": "0.992", "size": "631.87", "side": "SELL", "timestamp": "1768475103973", "received_at": "2026-01-15T12:05:04.092676"}}
{"event_type": "price_change", "event_ts": "2026-01-15T12:05:04.124735", "ingestion_ts": "2026-01-15T12:08:42.168746", "market_id": "0xc0e6b917320a47228fb96e3b5ae0e5c93773a5ae2662ae4e1f37807cfe47ce98", "raw": {"market": "0xc0e6b917320a47228fb96e3b5ae0e5c93773a5ae2662ae4e1f37807cfe47ce98", "asset_id": "58656358377246279051017109359677190749228949103591068167284263961542487110215", "price": "0.003", "size": "275.43", "side": "BUY", "timestamp": "1768475104000", "received_at": "2026-01-15T12:05:04.124735"}}
{"event_type": "price_change", "event_ts": "2026-01-15T12:05:04.124735", "ingestion_ts": "2026-01-15T12:08:42.168746", "market_id": "0xc0e6b917320a47228fb96e3b5ae0e5c93773a5ae2662ae4e1f37807cfe47ce98", "raw": {"market": "0xc0e6b917320a47228fb96e3b5ae0e5c93773a5ae2662ae4e1f37807cfe47ce98", "asset_id": "81647294538046680798858716589766492074338758116170717123345952330712416337530", "price": "0.997", "size": "275.43", "side": "SELL", "timestamp": "1768475104000", "received_at": "2026-01-15T12:05:04.124735"}}
{"event_type": "price_change", "event_ts": "2026-01-15T12:05:04.134440", "ingestion_ts": "2026-01-15T12:08:42.168746", "market_id": "0xc0e6b917320a47228fb96e3b5ae0e5c93773a5ae2662ae4e1f37807cfe47ce98", "raw": {"market": "0xc0e6b917320a47228fb96e3b5ae0e5c93773a5ae2662ae4e1f37807cfe47ce98", "asset_id": "58656358377246279051017109359677190749228949103591068167284263961542487110215", "price": "0.003", "size": "275.43", "side": "BUY", "timestamp": "1768475104001", "received_at": "2026-01-15T12:05:04.134440"}}
{"event_type": "price_change", "event_ts": "2026-01-15T12:05:04.134440", "ingestion_ts": "2026-01-15T12:08:42.168746", "market_id": "0xc0e6b917320a47228fb96e3b5ae0e5c93773a5ae2662ae4e1f37807cfe47ce98", "raw": {"market": "0xc0e6b917320a47228fb96e3b5ae0e5c93773a5ae2662ae4e1f37807cfe47ce98", "asset_id": "81647294538046680798858716589766492074338758116170717123345952330712416337530", "price": "0.997", "size": "275.43", "side": "SELL", "timestamp": "1768475104001", "received_at": "2026-01-15T12:05:04.134440"}}
{"event_type": "price_change", "event_ts": "2026-01-15T12:05:04.316400", "ingestion_ts": "2026-01-15T12:08:42.168746", "market_id": "0xc0e6b917320a47228fb96e3b5ae0e5c93773a5ae2662ae4e1f37807cfe47ce98", "raw": {"market": "0xc0e6b917320a47228fb96e3b5ae0e5c93773a5ae2662ae4e1f37807cfe47ce98", "asset_id": "58656358377246279051017109359677190749228949103591068167284263961542487110215", "price": "0.006", "size": "85.03", "side": "BUY", "timestamp": "1768475104188", "received_at": "2026-01-15T12:05:04.316400"}}
{"event_type": "price_change", "event_ts": "2026-01-15T12:05:04.316400", "ingestion_ts": "2026-01-15T12:08:42.168746", "market_id": "0xc0e6b917320a47228fb96e3b5ae0e5c93773a5ae2662ae4e1f37807cfe47ce98", "raw": {"market": "0xc0e6b917320a47228fb96e3b5ae0e5c93773a5ae2662ae4e1f37807cfe47ce98", "asset_id": "81647294538046680798858716589766492074338758116170717123345952330712416337530", "price": "0.994", "size": "85.03", "side": "SELL", "timestamp": "1768475104188", "received_at": "2026-01-15T12:05:04.316400"}}
{"event_type": "price_change", "event_ts": "2026-01-15T12:05:05.391729", "ingestion_ts": "2026-01-15T12:08:42.168746", "market_id": "0xcab7ba4a9133cfd407d7e73e5757e5abbace413b59421527a31113406c97815c", "raw": {"market": "0xcab7ba4a9133cfd407d7e73e5757e5abbace413b59421527a31113406c97815c", "asset_id": "96361925776989336186111887920533578209326565663637092688733016597062311745569", "price": "0.006", "size": "127.41", "side": "BUY", "timestamp": "1768475105266", "received_at": "2026-01-15T12:05:05.391729"}}
{"event_type": "price_change", "event_ts": "2026-01-15T12:05:05.391729", "ingestion_ts": "2026-01-15T12:08:42.168746", "market_id": "0xcab7ba4a9133cfd407d7e73e5757e5abbace413b59421527a31113406c97815c", "raw": {"market": "0xcab7ba4a9133cfd407d7e73e5757e5abbace413b59421527a31113406c97815c", "asset_id": "20002636398944597965698652220992177552927816915094913583821579024925426590022", "price": "0.994", "size": "127.41", "side": "SELL", "timestamp": "1768475105266", "received_at": "2026-01-15T12:05:05.391729"}}
{"event_type": "price_change", "event_ts": "2026-01-15T12:05:05.391832", "ingestion_ts": "2026-01-15T12:08:42.168746", "market_id": "0xcab7ba4a9133cfd407d7e73e5757e5abbace413b59421527a31113406c97815c", "raw": {"market": "0xcab7ba4a9133cfd407d7e73e5757e5abbace413b59421527a31113406c97815c", "asset_id": "96361925776989336186111887920533578209326565663637092688733016597062311745569", "price": "0.008", "size": "619.71", "side": "BUY", "timestamp": "1768475105266", "received_at": "2026-01-15T12:05:05.391832"}}
{"event_type": "price_change", "event_ts": "2026-01-15T12:05:05.391832", "ingestion_ts": "2026-01-15T12:08:42.168746", "market_id": "0xcab7ba4a9133cfd407d7e73e5757e5abbace413b59421527a31113406c97815c", "raw": {"market": "0xcab7ba4a9133cfd407d7e73e5757e5abbace413b59421527a31113406c97815c", "asset_id": "20002636398944597965698652220992177552927816915094913583821579024925426590022", "price": "0.992", "size": "619.71", "side": "SELL", "timestamp": "1768475105266", "received_at": "2026-01-15T12:05:05.391832"}}
{"event_type": "price_change", "event_ts": "2026-01-15T12:05:05.786558", "ingestion_ts": "2026-01-15T12:08:42.168746", "market_id": "0x49686d26fb712515cd5e12c23f0a1c7e10214c7faa3cb0a730aabe0c33694082", "raw": {"market": "0x49686d26fb712515cd5e12c23f0a1c7e10214c7faa3cb0a730aabe0c33694082", "asset_id": "13244681086321087932946246027856416106585284024824496763706748621681543444582", "price": "0.295", "size": "0", "side": "BUY", "timestamp": "1768475105651", "received_at": "2026-01-15T12:05:05.786558"}}
{"event_type": "price_change", "event_ts": "2026-01-15T12:05:05.786558", "ingestion_ts": "2026-01-15T12:08:42.168746", "market_id": "0x49686d26fb712515cd5e12c23f0a1c7e10214c7faa3cb0a730aabe0c33694082", "raw": {"market": "0x49686d26fb712515cd5e12c23f0a1c7e10214c7faa3cb0a730aabe0c33694082", "asset_id": "30442780799048074404860985387051749017905070253466005720364298335239299761065", "price": "0.705", "size": "0", "side": "SELL", "timestamp": "1768475105651", "received_at": "2026-01-15T12:05:05.786558"}}
{"event_type": "price_change", "event_ts": "2026-01-15T12:05:06.019737", "ingestion_ts": "2026-01-15T12:08:42.168746", "market_id": "0x2393ed0b0fdc450054c7b9071907eca75cf4fc36e385adf4a0a5f99ee62243e8", "raw": {"market": "0x2393ed0b0fdc450054c7b9071907eca75cf4fc36e385adf4a0a5f99ee62243e8", "asset_id": "32769749367306925959219403371425714180265458150646381231272229429098460625924", "price": "0.859", "size": "0", "side": "BUY", "timestamp": "1768475105708", "received_at": "2026-01-15T12:05:06.019737"}}
{"event_type": "price_change", "event_ts": "2026-01-15T12:05:06.019737", "ingestion_ts": "2026-01-15T12:08:42.168746", "market_id": "0x2393ed0b0fdc450054c7b9071907eca75cf4fc36e385adf4a0a5f99ee62243e8", "raw": {"market": "0x2393ed0b0fdc450054c7b9071907eca75cf4fc36e385adf4a0a5f99ee62243e8", "asset_id": "100074770378634056601572485653252702850363676459996771990439989989293515601975", "price": "0.141", "size": "0", "side": "SELL", "timestamp": "1768475105708", "received_at": "2026-01-15T12:05:06.019737"}}
{"event_type": "price_change", "event_ts": "2026-01-15T12:05:06.185324", "ingestion_ts": "2026-01-15T12:08:42.168746", "market_id": "0xcab7ba4a9133cfd407d7e73e5757e5abbace413b59421527a31113406c97815c", "raw": {"market": "0xcab7ba4a9133cfd407d7e73e5757e5abbace413b59421527a31113406c97815c", "asset_id": "96361925776989336186111887920533578209326565663637092688733016597062311745569", "price": "0.006", "size": "136.13", "side": "BUY", "timestamp": "1768475106017", "received_at": "2026-01-15T12:05:06.185324"}}
{"event_type": "price_change", "event_ts": "2026-01-15T12:05:06.185324", "ingestion_ts": "2026-01-15T12:08:42.168746", "market_id": "0xcab7ba4a9133cfd407d7e73e5757e5abbace413b59421527a31113406c97815c", "raw": {"market": "0xcab7ba4a9133cfd407d7e73e5757e5abbace413b59421527a31113406c97815c", "asset_id": "20002636398944597965698652220992177552927816915094913583821579024925426590022", "price": "0.994", "size": "136.13", "side": "SELL", "timestamp": "1768475106017", "received_at": "2026-01-15T12:05:06.185324"}}
{"event_type": "price_change", "event_ts": "2026-01-15T12:05:06.187432", "ingestion_ts": "2026-01-15T12:08:42.168746", "market_id": "0xcab7ba4a9133cfd407d7e73e5757e5abbace413b59421527a31113406c97815c", "raw": {"market": "0xcab7ba4a9133cfd407d7e73e5757e5abbace413b59421527a31113406c97815c", "asset_id": "96361925776989336186111887920533578209326565663637092688733016597062311745569", "price": "0.008", "size": "631.87", "side": "BUY", "timestamp": "1768475106019", "received_at": "2026-01-15T12:05:06.187432"}}
{"event_type": "price_change", "event_ts": "2026-01-15T12:05:06.187432", "ingestion_ts": "2026-01-15T12:08:42.168746", "market_id": "0xcab7ba4a9133cfd407d7e73e5757e5abbace413b59421527a31113406c97815c", "raw": {"market": "0xcab7ba4a9133cfd407d7e73e5757e5abbace413b59421527a31113406c97815c", "asset_id": "20002636398944597965698652220992177552927816915094913583821579024925426590022", "price": "0.992", "size": "631.87", "side": "SELL", "timestamp": "1768475106019", "received_at": "2026-01-15T12:05:06.187432"}}
{"event_type": "price_change", "event_ts": "2026-01-15T12:05:06.257859", "ingestion_ts": "2026-01-15T12:08:42.168746", "market_id": "0x2393ed0b0fdc450054c7b9071907eca75cf4fc36e385adf4a0a5f99ee62243e8", "raw": {"market": "0x2393ed0b0fdc450054c7b9071907eca75cf4fc36e385adf4a0a5f99ee62243e8", "asset_id": "32769749367306925959219403371425714180265458150646381231272229429098460625924", "price": "0.862", "size": "25", "side": "BUY", "timestamp": "1768475106137", "received_at": "2026-01-15T12:05:06.257859"}}
{"event_type": "price_change", "event_ts": "2026-01-15T12:05:06.257859", "ingestion_ts": "2026-01-15T12:08:42.168746", "market_id": "0x2393ed0b0fdc450054c7b9071907eca75cf4fc36e385adf4a0a5f99ee62243e8", "raw": {"market": "0x2393ed0b0fdc450054c7b9071907eca75cf4fc36e385adf4a0a5f99ee62243e8", "asset_id": "100074770378634056601572485653252702850363676459996771990439989989293515601975", "price": "0.138", "size": "25", "side": "SELL", "timestamp": "1768475106137", "received_at": "2026-01-15T12:05:06.257859"}}
{"event_type": "price_change", "event_ts": "2026-01-15T12:05:06.418105", "ingestion_ts": "2026-01-15T12:08:42.168746", "market_id": "0x44f08744458b8896620cd3330bc5e1ea69df4199b02d4fc583b3fc96e5d314ce", "raw": {"market": "0x44f08744458b8896620cd3330bc5e1ea69df4199b02d4fc583b3fc96e5d314ce", "asset_id": "72327831507226612545928776794104143393438710920370371172884559893525100761096", "price": "0.91", "size": "0", "side": "BUY", "timestamp": "1768475106294", "received_at": "2026-01-15T12:05:06.418105"}}
{"event_type": "price_change", "event_ts": "2026-01-15T12:05:06.418105", "ingestion_ts": "2026-01-15T12:08:42.168746", "market_id": "0x44f08744458b8896620cd3330bc5e1ea69df4199b02d4fc583b3fc96e5d314ce", "raw": {"market": "0x44f08744458b8896620cd3330bc5e1ea69df4199b02d4fc583b3fc96e5d314ce", "asset_id": "49194009556504828848509244326501559253829462790583873936160989575507522044057", "price": "0.09", "size": "0", "side": "SELL", "timestamp": "1768475106294", "received_at": "2026-01-15T12:05:06.418105"}}
{"event_type": "price_change", "event_ts": "2026-01-15T12:05:06.917998", "ingestion_ts": "2026-01-15T12:08:42.168746", "market_id": "0x44f08744458b8896620cd3330bc5e1ea69df4199b02d4fc583b3fc96e5d314ce", "raw": {"market": "0x44f08744458b8896620cd3330bc5e1ea69df4199b02d4fc583b3fc96e5d314ce", "asset_id": "72327831507226612545928776794104143393438710920370371172884559893525100761096", "price": "0.911", "size": "0", "side": "BUY", "timestamp": "1768475106794", "received_at": "2026-01-15T12:05:06.917998"}}
{"event_type": "price_change", "event_ts": "2026-01-15T12:05:06.917998", "ingestion_ts": "2026-01-15T12:08:42.168746", "market_id": "0x44f08744458b8896620cd3330bc5e1ea69df4199b02d4fc583b3fc96e5d314ce", "raw": {"market": "0x44f08744458b8896620cd3330bc5e1ea69df4199b02d4fc583b3fc96e5d314ce", "asset_id": "49194009556504828848509244326501559253829462790583873936160989575507522044057", "price": "0.089", "size": "0", "side": "SELL", "timestamp": "1768475106794", "received_at": "2026-01-15T12:05:06.917998"}}
{"event_type": "price_change", "event_ts": "2026-01-15T12:05:06.918036", "ingestion_ts": "2026-01-15T12:08:42.168746", "market_id": "0x2393ed0b0fdc450054c7b9071907eca75cf4fc36e385adf4a0a5f99ee62243e8", "raw": {"market": "0x2393ed0b0fdc450054c7b9071907eca75cf4fc36e385adf4a0a5f99ee62243e8", "asset_id": "32769749367306925959219403371425714180265458150646381231272229429098460625924", "price": "0.861", "size": "0", "side": "BUY", "timestamp": "1768475106794", "received_at": "2026-01-15T12:05:06.918036"}}
{"event_type": "price_change", "event_ts": "2026-01-15T12:05:06.918036", "ingestion_ts": "2026-01-15T12:08:42.168746", "market_id": "0x2393ed0b0fdc450054c7b9071907eca75cf4fc36e385adf4a0a5f99ee62243e8", "raw": {"market": "0x2393ed0b0fdc450054c7b9071907eca75cf4fc36e385adf4a0a5f99ee62243e8", "asset_id": "100074770378634056601572485653252702850363676459996771990439989989293515601975", "price": "0.139", "size": "0", "side": "SELL", "timestamp": "1768475106794", "received_at": "2026-01-15T12:05:06.918036"}}
{"event_type": "price_change", "event_ts": "2026-01-15T12:05:06.951472", "ingestion_ts": "2026-01-15T12:08:42.168746", "market_id": "0x2393ed0b0fdc450054c7b9071907eca75cf4fc36e385adf4a0a5f99ee62243e8", "raw": {"market": "0x2393ed0b0fdc450054c7b9071907eca75cf4fc36e385adf4a0a5f99ee62243e8", "asset_id": "32769749367306925959219403371425714180265458150646381231272229429098460625924", "price": "0.863", "size": "5", "side": "BUY", "timestamp": "1768475106824", "received_at": "2026-01-15T12:05:06.951472"}}
{"event_type": "price_change", "event_ts": "2026-01-15T12:05:06.951472", "ingestion_ts": "2026-01-15T12:08:42.168746", "market_id": "0x2393ed0b0fdc450054c7b9071907eca75cf4fc36e385adf4a0a5f99ee62243e8", "raw": {"market": "0x2393ed0b0fdc450054c7b9071907eca75cf4fc36e385adf4a0a5f99ee62243e8", "asset_id": "100074770378634056601572485653252702850363676459996771990439989989293515601975", "price": "0.137", "size": "5", "side": "SELL", "timestamp": "1768475106824", "received_at": "2026-01-15T12:05:06.951472"}}
{"event_type": "price_change", "event_ts": "2026-01-15T12:05:06.952071", "ingestion_ts": "2026-01-15T12:08:42.168746", "market_id": "0x44f08744458b8896620cd3330bc5e1ea69df4199b02d4fc583b3fc96e5d314ce", "raw": {"market": "0x44f08744458b8896620cd3330bc5e1ea69df4199b02d4fc583b3fc96e5d314ce", "asset_id": "72327831507226612545928776794104143393438710920370371172884559893525100761096", "price": "0.908", "size": "5", "side": "BUY", "timestamp": "1768475106824", "received_at": "2026-01-15T12:05:06.952071"}}
{"event_type": "price_change", "event_ts": "2026-01-15T12:05:06.952071", "ingestion_ts": "2026-01-15T12:08:42.168746", "market_id": "0x44f08744458b8896620cd3330bc5e1ea69df4199b02d4fc583b3fc96e5d314ce", "raw": {"market": "0x44f08744458b8896620cd3330bc5e1ea69df4199b02d4fc583b3fc96e5d314ce", "asset_id": "49194009556504828848509244326501559253829462790583873936160989575507522044057", "price": "0.092", "size": "5", "side": "SELL", "timestamp": "1768475106824", "received_at": "2026-01-15T12:05:06.952071"}}
{"event_type": "price_change", "event_ts": "2026-01-15T12:05:07.088488", "ingestion_ts": "2026-01-15T12:08:42.168746", "market_id": "0x9472be65457510b7fc3477b20ba90910e99d92eac8421a14bf4b7b7a08ef31dc", "raw": {"market": "0x9472be65457510b7fc3477b20ba90910e99d92eac8421a14bf4b7b7a08ef31dc", "asset_id": "43311793366960417907757893276427136943959788721376762326430771171648759300146", "price": "0.883", "size": "0", "side": "BUY", "timestamp": "1768475106966", "received_at": "2026-01-15T12:05:07.088488"}}
{"event_type": "price_change", "event_ts": "2026-01-15T12:05:07.088488", "ingestion_ts": "2026-01-15T12:08:42.168746", "market_id": "0x9472be65457510b7fc3477b20ba90910e99d92eac8421a14bf4b7b7a08ef31dc", "raw": {"market": "0x9472be65457510b7fc3477b20ba90910e99d92eac8421a14bf4b7b7a08ef31dc", "asset_id": "73414222381656326204771753454630063673548497164758947581648273905027617570612", "price": "0.117", "size": "0", "side": "SELL", "timestamp": "1768475106966", "received_at": "2026-01-15T12:05:07.088488"}}
{"event_type": "price_change", "event_ts": "2026-01-15T12:05:07.121020", "ingestion_ts": "2026-01-15T12:08:42.168746", "market_id": "0xc0e6b917320a47228fb96e3b5ae0e5c93773a5ae2662ae4e1f37807cfe47ce98", "raw": {"market": "0xc0e6b917320a47228fb96e3b5ae0e5c93773a5ae2662ae4e1f37807cfe47ce98", "asset_id": "58656358377246279051017109359677190749228949103591068167284263961542487110215", "price": "0.003", "size": "262.97", "side": "BUY", "timestamp": "1768475107000", "received_at": "2026-01-15T12:05:07.121020"}}
{"event_type": "price_change", "event_ts": "2026-01-15T12:05:07.121020", "ingestion_ts": "2026-01-15T12:08:42.168746", "market_id": "0xc0e6b917320a47228fb96e3b5ae0e5c93773a5ae2662ae4e1f37807cfe47ce98", "raw": {"market": "0xc0e6b917320a47228fb96e3b5ae0e5c93773a5ae2662ae4e1f37807cfe47ce98", "asset_id": "81647294538046680798858716589766492074338758116170717123345952330712416337530", "price": "0.997", "size": "262.97", "side": "SELL", "timestamp": "1768475107000", "received_at": "2026-01-15T12:05:07.121020"}}
{"event_type": "price_change", "event_ts": "2026-01-15T12:05:07.124281", "ingestion_ts": "2026-01-15T12:08:42.168746", "market_id": "0xc0e6b917320a47228fb96e3b5ae0e5c93773a5ae2662ae4e1f37807cfe47ce98", "raw": {"market": "0xc0e6b917320a47228fb96e3b5ae0e5c93773a5ae2662ae4e1f37807cfe47ce98", "asset_id": "58656358377246279051017109359677190749228949103591068167284263961542487110215", "price": "0.003", "size": "262.97", "side": "BUY", "timestamp": "1768475107001", "received_at": "2026-01-15T12:05:07.124281"}}
{"event_type": "price_change", "event_ts": "2026-01-15T12:05:07.124281", "ingestion_ts": "2026-01-15T12:08:42.168746", "market_id": "0xc0e6b917320a47228fb96e3b5ae0e5c93773a5ae2662ae4e1f37807cfe47ce98", "raw": {"market": "0xc0e6b917320a47228fb96e3b5ae0e5c93773a5ae2662ae4e1f37807cfe47ce98", "asset_id": "81647294538046680798858716589766492074338758116170717123345952330712416337530", "price": "0.997", "size": "262.97", "side": "SELL", "timestamp": "1768475107001", "received_at": "2026-01-15T12:05:07.124281"}}
{"event_type": "price_change", "event_ts": "2026-01-15T12:05:07.261492", "ingestion_ts": "2026-01-15T12:08:42.168746", "market_id": "0xb9bbdd34304344dcc45803780a34c97d73a00133a5ecf70f63e1008b8abb2fca", "raw": {"market": "0xb9bbdd34304344dcc45803780a34c97d73a00133a5ecf70f63e1008b8abb2fca", "asset_id": "8682484153073832526711485265636767086525069344085206423986003504588877767339", "price": "0.872", "size": "0", "side": "BUY", "timestamp": "1768475107141", "received_at": "2026-01-15T12:05:07.261492"}}
{"event_type": "price_change", "event_ts": "2026-01-15T12:05:07.261492", "ingestion_ts": "2026-01-15T12:08:42.168746", "market_id": "0xb9bbdd34304344dcc45803780a34c97d73a00133a5ecf70f63e1008b8abb2fca", "raw": {"market": "0xb9bbdd34304344dcc45803780a34c97d73a00133a5ecf70f63e1008b8abb2fca", "asset_id": "72012724360700510767037780555710363830014634797787940282136454146828040926557", "price": "0.128", "size": "0", "side": "SELL", "timestamp": "1768475107141", "received_at": "2026-01-15T12:05:07.261492"}}
{"event_type": "price_change", "event_ts": "2026-01-15T12:05:07.605644", "ingestion_ts": "2026-01-15T12:08:42.168746", "market_id": "0xcab7ba4a9133cfd407d7e73e5757e5abbace413b59421527a31113406c97815c", "raw": {"market": "0xcab7ba4a9133cfd407d7e73e5757e5abbace413b59421527a31113406c97815c", "asset_id": "96361925776989336186111887920533578209326565663637092688733016597062311745569", "price": "0.006", "size": "127.41", "side": "BUY", "timestamp": "1768475107485", "received_at": "2026-01-15T12:05:07.605644"}}
{"event_type": "price_change", "event_ts": "2026-01-15T12:05:07.605644", "ingestion_ts": "2026-01-15T12:08:42.168746", "market_id": "0xcab7ba4a9133cfd407d7e73e5757e5abbace413b59421527a31113406c97815c", "raw": {"market": "0xcab7ba4a9133cfd407d7e73e5757e5abbace413b59421527a31113406c97815c", "asset_id": "20002636398944597965698652220992177552927816915094913583821579024925426590022", "price": "0.994", "size": "127.41", "side": "SELL", "timestamp": "1768475107485", "received_at": "2026-01-15T12:05:07.605644"}}
{"event_type": "price_change", "event_ts": "2026-01-15T12:05:07.605681", "ingestion_ts": "2026-01-15T12:08:42.168746", "market_id": "0xcab7ba4a9133cfd407d7e73e5757e5abbace413b59421527a31113406c97815c", "raw": {"market": "0xcab7ba4a9133cfd407d7e73e5757e5abbace413b59421527a31113406c97815c", "asset_id": "96361925776989336186111887920533578209326565663637092688733016597062311745569", "price": "0.008", "size": "619.71", "side": "BUY", "timestamp": "1768475107485", "received_at": "2026-01-15T12:05:07.605681"}}
{"event_type": "price_change", "event_ts": "2026-01-15T12:05:07.605681", "ingestion_ts": "2026-01-15T12:08:42.168746", "market_id": "0xcab7ba4a9133cfd407d7e73e5757e5abbace413b59421527a31113406c97815c", "raw": {"market": "0xcab7ba4a9133cfd407d7e73e5757e5abbace413b59421527a31113406c97815c", "asset_id": "20002636398944597965698652220992177552927816915094913583821579024925426590022", "price": "0.992", "size": "619.71", "side": "SELL", "timestamp": "1768475107485", "received_at": "2026-01-15T12:05:07.605681"}}
{"event_type": "price_change", "event_ts": "2026-01-15T12:05:08.142959", "ingestion_ts": "2026-01-15T12:08:42.168746", "market_id": "0xcab7ba4a9133cfd407d7e73e5757e5abbace413b59421527a31113406c97815c", "raw": {"market": "0xcab7ba4a9133cfd407d7e73e5757e5abbace413b59421527a31113406c97815c", "asset_id": "96361925776989336186111887920533578209326565663637092688733016597062311745569", "price": "0.008", "size": "631.87", "side": "BUY", "timestamp": "1768475108004", "received_at": "2026-01-15T12:05:08.142959"}}
{"event_type": "price_change", "event_ts": "2026-01-15T12:05:08.142959", "ingestion_ts": "2026-01-15T12:08:42.168746", "market_id": "0xcab7ba4a9133cfd407d7e73e5757e5abbace413b59421527a31113406c97815c", "raw": {"market": "0xcab7ba4a9133cfd407d7e73e5757e5abbace413b59421527a31113406c97815c", "asset_id": "20002636398944597965698652220992177552927816915094913583821579024925426590022", "price": "0.992", "size": "631.87", "side": "SELL", "timestamp": "1768475108004", "received_at": "2026-01-15T12:05:08.142959"}}
{"event_type": "price_change", "event_ts": "2026-01-15T12:05:08.145825", "ingestion_ts": "2026-01-15T12:08:42.168746", "market_id": "0xcab7ba4a9133cfd407d7e73e5757e5abbace413b59421527a31113406c97815c", "raw": {"market": "0xcab7ba4a9133cfd407d7e73e5757e5abbace413b59421527a31113406c97815c", "asset_id": "96361925776989336186111887920533578209326565663637092688733016597062311745569", "price": "0.006", "size": "136.13", "side": "BUY", "timestamp": "1768475108005", "received_at": "2026-01-15T12:05:08.145825"}}
{"event_type": "price_change", "event_ts": "2026-01-15T12:05:08.145825", "ingestion_ts": "2026-01-15T12:08:42.168746", "market_id": "0xcab7ba4a9133cfd407d7e73e5757e5abbace413b59421527a31113406c97815c", "raw": {"market": "0xcab7ba4a9133cfd407d7e73e5757e5abbace413b59421527a31113406c97815c", "asset_id": "20002636398944597965698652220992177552927816915094913583821579024925426590022", "price": "0.994", "size": "136.13", "side": "SELL", "timestamp": "1768475108005", "received_at": "2026-01-15T12:05:08.145825"}}
{"event_type": "price_change", "event_ts": "2026-01-15T12:05:08.505757", "ingestion_ts": "2026-01-15T12:08:42.168746", "market_id": "0xc0e6b917320a47228fb96e3b5ae0e5c93773a5ae2662ae4e1f37807cfe47ce98", "raw": {"market": "0xc0e6b917320a47228fb96e3b5ae0e5c93773a5ae2662ae4e1f37807cfe47ce98", "asset_id": "58656358377246279051017109359677190749228949103591068167284263961542487110215", "price": "0.006", "size": "0", "side": "BUY", "timestamp": "1768475108379", "received_at": "2026-01-15T12:05:08.505757"}}
{"event_type": "price_change", "event_ts": "2026-01-15T12:05:08.505757", "ingestion_ts": "2026-01-15T12:08:42.168746", "market_id": "0xc0e6b917320a47228fb96e3b5ae0e5c93773a5ae2662ae4e1f37807cfe47ce98", "raw": {"market": "0xc0e6b917320a47228fb96e3b5ae0e5c93773a5ae2662ae4e1f37807cfe47ce98", "asset_id": "81647294538046680798858716589766492074338758116170717123345952330712416337530", "price": "0.994", "size": "0", "side": "SELL", "timestamp": "1768475108379", "received_at": "2026-01-15T12:05:08.505757"}}
{"event_type": "price_change", "event_ts": "2026-01-15T12:05:09.624978", "ingestion_ts": "2026-01-15T12:08:42.168746", "market_id": "0xc0e6b917320a47228fb96e3b5ae0e5c93773a5ae2662ae4e1f37807cfe47ce98", "raw": {"market": "0xc0e6b917320a47228fb96e3b5ae0e5c93773a5ae2662ae4e1f37807cfe47ce98", "asset_id": "58656358377246279051017109359677190749228949103591068167284263961542487110215", "price": "0.003", "size": "276.84", "side": "BUY", "timestamp": "1768475109499", "received_at": "2026-01-15T12:05:09.624978"}}
{"event_type": "price_change", "event_ts": "2026-01-15T12:05:09.624978", "ingestion_ts": "2026-01-15T12:08:42.168746", "market_id": "0xc0e6b917320a47228fb96e3b5ae0e5c93773a5ae2662ae4e1f37807cfe47ce98", "raw": {"market": "0xc0e6b917320a47228fb96e3b5ae0e5c93773a5ae2662ae4e1f37807cfe47ce98", "asset_id": "81647294538046680798858716589766492074338758116170717123345952330712416337530", "price": "0.997", "size": "276.84", "side": "SELL", "timestamp": "1768475109499", "received_at": "2026-01-15T12:05:09.624978"}}
{"event_type": "price_change", "event_ts": "2026-01-15T12:05:09.625026", "ingestion_ts": "2026-01-15T12:08:42.168746", "market_id": "0xc0e6b917320a47228fb96e3b5ae0e5c93773a5ae2662ae4e1f37807cfe47ce98", "raw": {"market": "0xc0e6b917320a47228fb96e3b5ae0e5c93773a5ae2662ae4e1f37807cfe47ce98", "asset_id": "58656358377246279051017109359677190749228949103591068167284263961542487110215", "price": "0.007", "size": "77.62", "side": "BUY", "timestamp": "1768475109500", "received_at": "2026-01-15T12:05:09.625026"}}
{"event_type": "price_change", "event_ts": "2026-01-15T12:05:09.625026", "ingestion_ts": "2026-01-15T12:08:42.168746", "market_id": "0xc0e6b917320a47228fb96e3b5ae0e5c93773a5ae2662ae4e1f37807cfe47ce98", "raw": {"market": "0xc0e6b917320a47228fb96e3b5ae0e5c93773a5ae2662ae4e1f37807cfe47ce98", "asset_id": "81647294538046680798858716589766492074338758116170717123345952330712416337530", "price": "0.993", "size": "77.62", "side": "SELL", "timestamp": "1768475109500", "received_at": "2026-01-15T12:05:09.625026"}}
{"event_type": "price_change", "event_ts": "2026-01-15T12:05:10.179752", "ingestion_ts": "2026-01-15T12:08:42.168746", "market_id": "0x9472be65457510b7fc3477b20ba90910e99d92eac8421a14bf4b7b7a08ef31dc", "raw": {"market": "0x9472be65457510b7fc3477b20ba90910e99d92eac8421a14bf4b7b7a08ef31dc", "asset_id": "43311793366960417907757893276427136943959788721376762326430771171648759300146", "price": "0.884", "size": "0", "side": "BUY", "timestamp": "1768475110058", "received_at": "2026-01-15T12:05:10.179752"}}
{"event_type": "price_change", "event_ts": "2026-01-15T12:05:10.179752", "ingestion_ts": "2026-01-15T12:08:42.168746", "market_id": "0x9472be65457510b7fc3477b20ba90910e99d92eac8421a14bf4b7b7a08ef31dc", "raw": {"market": "0x9472be65457510b7fc3477b20ba90910e99d92eac8421a14bf4b7b7a08ef31dc", "asset_id": "73414222381656326204771753454630063673548497164758947581648273905027617570612", "price": "0.116", "size": "0", "side": "SELL", "timestamp": "1768475110058", "received_at": "2026-01-15T12:05:10.179752"}}
{"event_type": "price_change", "event_ts": "2026-01-15T12:05:10.179846", "ingestion_ts": "2026-01-15T12:08:42.168746", "market_id": "0xb9bbdd34304344dcc45803780a34c97d73a00133a5ecf70f63e1008b8abb2fca", "raw": {"market": "0xb9bbdd34304344dcc45803780a34c97d73a00133a5ecf70f63e1008b8abb2fca", "asset_id": "8682484153073832526711485265636767086525069344085206423986003504588877767339", "price": "0.873", "size": "0", "side": "BUY", "timestamp": "1768475110058", "received_at": "2026-01-15T12:05:10.179846"}}
{"event_type": "price_change", "event_ts": "2026-01-15T12:05:10.179846", "ingestion_ts": "2026-01-15T12:08:42.168746", "market_id": "0xb9bbdd34304344dcc45803780a34c97d73a00133a5ecf70f63e1008b8abb2fca", "raw": {"market": "0xb9bbdd34304344dcc45803780a34c97d73a00133a5ecf70f63e1008b8abb2fca", "asset_id": "72012724360700510767037780555710363830014634797787940282136454146828040926557", "price": "0.127", "size": "0", "side": "SELL", "timestamp": "1768475110058", "received_at": "2026-01-15T12:05:10.179846"}}
{"event_type": "price_change", "event_ts": "2026-01-15T12:05:10.216360", "ingestion_ts": "2026-01-15T12:08:42.168746", "market_id": "0x9472be65457510b7fc3477b20ba90910e99d92eac8421a14bf4b7b7a08ef31dc", "raw": {"market": "0x9472be65457510b7fc3477b20ba90910e99d92eac8421a14bf4b7b7a08ef31dc", "asset_id": "43311793366960417907757893276427136943959788721376762326430771171648759300146", "price": "0.826", "size": "5", "side": "BUY", "timestamp": "1768475110088", "received_at": "2026-01-15T12:05:10.216360"}}
{"event_type": "price_change", "event_ts": "2026-01-15T12:05:10.216360", "ingestion_ts": "2026-01-15T12:08:42.168746", "market_id": "0x9472be65457510b7fc3477b20ba90910e99d92eac8421a14bf4b7b7a08ef31dc", "raw": {"market": "0x9472be65457510b7fc3477b20ba90910e99d92eac8421a14bf4b7b7a08ef31dc", "asset_id": "73414222381656326204771753454630063673548497164758947581648273905027617570612", "price": "0.174", "size": "5", "side": "SELL", "timestamp": "1768475110088", "received_at": "2026-01-15T12:05:10.216360"}}
{"event_type": "price_change", "event_ts": "2026-01-15T12:05:10.216398", "ingestion_ts": "2026-01-15T12:08:42.168746", "market_id": "0xb9bbdd34304344dcc45803780a34c97d73a00133a5ecf70f63e1008b8abb2fca", "raw": {"market": "0xb9bbdd34304344dcc45803780a34c97d73a00133a5ecf70f63e1008b8abb2fca", "asset_id": "8682484153073832526711485265636767086525069344085206423986003504588877767339", "price": "0.869", "size": "5", "side": "BUY", "timestamp": "1768475110088", "received_at": "2026-01-15T12:05:10.216398"}}
{"event_type": "price_change", "event_ts": "2026-01-15T12:05:10.216398", "ingestion_ts": "2026-01-15T12:08:42.168746", "market_id": "0xb9bbdd34304344dcc45803780a34c97d73a00133a5ecf70f63e1008b8abb2fca", "raw": {"market": "0xb9bbdd34304344dcc45803780a34c97d73a00133a5ecf70f63e1008b8abb2fca", "asset_id": "72012724360700510767037780555710363830014634797787940282136454146828040926557", "price": "0.131", "size": "5", "side": "SELL", "timestamp": "1768475110088", "received_at": "2026-01-15T12:05:10.216398"}}
{"event_type": "price_change", "event_ts": "2026-01-15T12:05:10.328979", "ingestion_ts": "2026-01-15T12:08:42.168746", "market_id": "0x49a20c7523c271099008f3ef9a31521263b24d637959852a391e6b4697b1a437", "raw": {"market": "0x49a20c7523c271099008f3ef9a31521263b24d637959852a391e6b4697b1a437", "asset_id": "55881023621710858558280545117465775643848233756850602339827152783696837905531", "price": "0.928", "size": "0", "side": "BUY", "timestamp": "1768475110198", "received_at": "2026-01-15T12:05:10.328979"}}
{"event_type": "price_change", "event_ts": "2026-01-15T12:05:10.328979", "ingestion_ts": "2026-01-15T12:08:42.168746", "market_id": "0x49a20c7523c271099008f3ef9a31521263b24d637959852a391e6b4697b1a437", "raw": {"market": "0x49a20c7523c271099008f3ef9a31521263b24d637959852a391e6b4697b1a437", "asset_id": "13018971792603393862521629014128024641178044618205296260525674415067194037856", "price": "0.072", "size": "0", "side": "SELL", "timestamp": "1768475110198", "received_at": "2026-01-15T12:05:10.328979"}}
{"event_type": "price_change", "event_ts": "2026-01-15T12:05:10.329018", "ingestion_ts": "2026-01-15T12:08:42.168746", "market_id": "0x49a20c7523c271099008f3ef9a31521263b24d637959852a391e6b4697b1a437", "raw": {"market": "0x49a20c7523c271099008f3ef9a31521263b24d637959852a391e6b4697b1a437", "asset_id": "55881023621710858558280545117465775643848233756850602339827152783696837905531", "price": "0.866", "size": "0", "side": "BUY", "timestamp": "1768475110198", "received_at": "2026-01-15T12:05:10.329018"}}
{"event_type": "price_change", "event_ts": "2026-01-15T12:05:10.329018", "ingestion_ts": "2026-01-15T12:08:42.168746", "market_id": "0x49a20c7523c271099008f3ef9a31521263b24d637959852a391e6b4697b1a437", "raw": {"market": "0x49a20c7523c271099008f3ef9a31521263b24d637959852a391e6b4697b1a437", "asset_id": "13018971792603393862521629014128024641178044618205296260525674415067194037856", "price": "0.134", "size": "0", "side": "SELL", "timestamp": "1768475110198", "received_at": "2026-01-15T12:05:10.329018"}}
{"event_type": "price_change", "event_ts": "2026-01-15T12:05:10.364122", "ingestion_ts": "2026-01-15T12:08:42.168746", "market_id": "0x49a20c7523c271099008f3ef9a31521263b24d637959852a391e6b4697b1a437", "raw": {"market": "0x49a20c7523c271099008f3ef9a31521263b24d637959852a391e6b4697b1a437", "asset_id": "55881023621710858558280545117465775643848233756850602339827152783696837905531", "price": "0.868", "size": "10", "side": "BUY", "timestamp": "1768475110246", "received_at": "2026-01-15T12:05:10.364122"}}
{"event_type": "price_change", "event_ts": "2026-01-15T12:05:10.364122", "ingestion_ts": "2026-01-15T12:08:42.168746", "market_id": "0x49a20c7523c271099008f3ef9a31521263b24d637959852a391e6b4697b1a437", "raw": {"market": "0x49a20c7523c271099008f3ef9a31521263b24d637959852a391e6b4697b1a437", "asset_id": "13018971792603393862521629014128024641178044618205296260525674415067194037856", "price": "0.132", "size": "10", "side": "SELL", "timestamp": "1768475110246", "received_at": "2026-01-15T12:05:10.364122"}}
{"event_type": "price_change", "event_ts": "2026-01-15T12:05:10.364160", "ingestion_ts": "2026-01-15T12:08:42.168746", "market_id": "0x49a20c7523c271099008f3ef9a31521263b24d637959852a391e6b4697b1a437", "raw": {"market": "0x49a20c7523c271099008f3ef9a31521263b24d637959852a391e6b4697b1a437", "asset_id": "55881023621710858558280545117465775643848233756850602339827152783696837905531", "price": "0.928", "size": "20", "side": "BUY", "timestamp": "1768475110247", "received_at": "2026-01-15T12:05:10.364160"}}
{"event_type": "price_change", "event_ts": "2026-01-15T12:05:10.364160", "ingestion_ts": "2026-01-15T12:08:42.168746", "market_id": "0x49a20c7523c271099008f3ef9a31521263b24d637959852a391e6b4697b1a437", "raw": {"market": "0x49a20c7523c271099008f3ef9a31521263b24d637959852a391e6b4697b1a437", "asset_id": "13018971792603393862521629014128024641178044618205296260525674415067194037856", "price": "0.072", "size": "20", "side": "SELL", "timestamp": "1768475110247", "received_at": "2026-01-15T12:05:10.364160"}}
{"event_type": "price_change", "event_ts": "2026-01-15T12:05:10.486829", "ingestion_ts": "2026-01-15T12:08:42.168746", "market_id": "0xc55db914f0fd1fee18997706712c0dfd8d0369cdbef93a9fef12bd001914ca77", "raw": {"market": "0xc55db914f0fd1fee18997706712c0dfd8d0369cdbef93a9fef12bd001914ca77", "asset_id": "114600293444080540179603459515770723592661967180480327891296353898330242622833", "price": "0.931", "size": "0", "side": "BUY", "timestamp": "1768475110367", "received_at": "2026-01-15T12:05:10.486829"}}
{"event_type": "price_change", "event_ts": "2026-01-15T12:05:10.486829", "ingestion_ts": "2026-01-15T12:08:42.168746", "market_id": "0xc55db914f0fd1fee18997706712c0dfd8d0369cdbef93a9fef12bd001914ca77", "raw": {"market": "0xc55db914f0fd1fee18997706712c0dfd8d0369cdbef93a9fef12bd001914ca77", "asset_id": "72354723612769247426741660426331235762851940382312402276325808095604519806766", "price": "0.069", "size": "0", "side": "SELL", "timestamp": "1768475110367", "received_at": "2026-01-15T12:05:10.486829"}}
{"event_type": "price_change", "event_ts": "2026-01-15T12:05:10.997613", "ingestion_ts": "2026-01-15T12:08:42.168746", "market_id": "0xcab7ba4a9133cfd407d7e73e5757e5abbace413b59421527a31113406c97815c", "raw": {"market": "0xcab7ba4a9133cfd407d7e73e5757e5abbace413b59421527a31113406c97815c", "asset_id": "96361925776989336186111887920533578209326565663637092688733016597062311745569", "price": "0.006", "size": "127.41", "side": "BUY", "timestamp": "1768475110861", "received_at": "2026-01-15T12:05:10.997613"}}
{"event_type": "price_change", "event_ts": "2026-01-15T12:05:10.997613", "ingestion_ts": "2026-01-15T12:08:42.168746", "market_id": "0xcab7ba4a9133cfd407d7e73e5757e5abbace413b59421527a31113406c97815c", "raw": {"market": "0xcab7ba4a9133cfd407d7e73e5757e5abbace413b59421527a31113406c97815c", "asset_id": "20002636398944597965698652220992177552927816915094913583821579024925426590022", "price": "0.994", "size": "127.41", "side": "SELL", "timestamp": "1768475110861", "received_at": "2026-01-15T12:05:10.997613"}}
{"event_type": "price_change", "event_ts": "2026-01-15T12:05:10.997708", "ingestion_ts": "2026-01-15T12:08:42.168746", "market_id": "0xcab7ba4a9133cfd407d7e73e5757e5abbace413b59421527a31113406c97815c", "raw": {"market": "0xcab7ba4a9133cfd407d7e73e5757e5abbace413b59421527a31113406c97815c", "asset_id": "96361925776989336186111887920533578209326565663637092688733016597062311745569", "price": "0.008", "size": "619.71", "side": "BUY", "timestamp": "1768475110861", "received_at": "2026-01-15T12:05:10.997708"}}
{"event_type": "price_change", "event_ts": "2026-01-15T12:05:10.997708", "ingestion_ts": "2026-01-15T12:08:42.168746", "market_id": "0xcab7ba4a9133cfd407d7e73e5757e5abbace413b59421527a31113406c97815c", "raw": {"market": "0xcab7ba4a9133cfd407d7e73e5757e5abbace413b59421527a31113406c97815c", "asset_id": "20002636398944597965698652220992177552927816915094913583821579024925426590022", "price": "0.992", "size": "619.71", "side": "SELL", "timestamp": "1768475110861", "received_at": "2026-01-15T12:05:10.997708"}}
{"event_type": "price_change", "event_ts": "2026-01-15T12:05:11.460970", "ingestion_ts": "2026-01-15T12:08:42.168746", "market_id": "0xcab7ba4a9133cfd407d7e73e5757e5abbace413b59421527a31113406c97815c", "raw": {"market": "0xcab7ba4a9133cfd407d7e73e5757e5abbace413b59421527a31113406c97815c", "asset_id": "96361925776989336186111887920533578209326565663637092688733016597062311745569", "price": "0.006", "size": "136.13", "side": "BUY", "timestamp": "1768475111342", "received_at": "2026-01-15T12:05:11.460970"}}
{"event_type": "price_change", "event_ts": "2026-01-15T12:05:11.460970", "ingestion_ts": "2026-01-15T12:08:42.168746", "market_id": "0xcab7ba4a9133cfd407d7e73e5757e5abbace413b59421527a31113406c97815c", "raw": {"market": "0xcab7ba4a9133cfd407d7e73e5757e5abbace413b59421527a31113406c97815c", "asset_id": "20002636398944597965698652220992177552927816915094913583821579024925426590022", "price": "0.994", "size": "136.13", "side": "SELL", "timestamp": "1768475111342", "received_at": "2026-01-15T12:05:11.460970"}}
{"event_type": "price_change", "event_ts": "2026-01-15T12:05:11.465878", "ingestion_ts": "2026-01-15T12:08:42.168746", "market_id": "0xcab7ba4a9133cfd407d7e73e5757e5abbace413b59421527a31113406c97815c", "raw": {"market": "0xcab7ba4a9133cfd407d7e73e5757e5abbace413b59421527a31113406c97815c", "asset_id": "96361925776989336186111887920533578209326565663637092688733016597062311745569", "price": "0.008", "size": "631.87", "side": "BUY", "timestamp": "1768475111343", "received_at": "2026-01-15T12:05:11.465878"}}
{"event_type": "price_change", "event_ts": "2026-01-15T12:05:11.465878", "ingestion_ts": "2026-01-15T12:08:42.168746", "market_id": "0xcab7ba4a9133cfd407d7e73e5757e5abbace413b59421527a31113406c97815c", "raw": {"market": "0xcab7ba4a9133cfd407d7e73e5757e5abbace413b59421527a31113406c97815c", "asset_id": "20002636398944597965698652220992177552927816915094913583821579024925426590022", "price": "0.992", "size": "631.87", "side": "SELL", "timestamp": "1768475111343", "received_at": "2026-01-15T12:05:11.465878"}}
{"event_type": "price_change", "event_ts": "2026-01-15T12:05:12.946265", "ingestion_ts": "2026-01-15T12:08:42.168746", "market_id": "0xcab7ba4a9133cfd407d7e73e5757e5abbace413b59421527a31113406c97815c", "raw": {"market": "0xcab7ba4a9133cfd407d7e73e5757e5abbace413b59421527a31113406c97815c", "asset_id": "96361925776989336186111887920533578209326565663637092688733016597062311745569", "price": "0.006", "size": "127.41", "side": "BUY", "timestamp": "1768475112823", "received_at": "2026-01-15T12:05:12.946265"}}
{"event_type": "price_change", "event_ts": "2026-01-15T12:05:12.946265", "ingestion_ts": "2026-01-15T12:08:42.168746", "market_id": "0xcab7ba4a9133cfd407d7e73e5757e5abbace413b59421527a31113406c97815c", "raw": {"market": "0xcab7ba4a9133cfd407d7e73e5757e5abbace413b59421527a31113406c97815c", "asset_id": "20002636398944597965698652220992177552927816915094913583821579024925426590022", "price": "0.994", "size": "127.41", "side": "SELL", "timestamp": "1768475112823", "received_at": "2026-01-15T12:05:12.946265"}}
{"event_type": "price_change", "event_ts": "2026-01-15T12:05:12.946301", "ingestion_ts": "2026-01-15T12:08:42.168746", "market_id": "0xcab7ba4a9133cfd407d7e73e5757e5abbace413b59421527a31113406c97815c", "raw": {"market": "0xcab7ba4a9133cfd407d7e73e5757e5abbace413b59421527a31113406c97815c", "asset_id": "96361925776989336186111887920533578209326565663637092688733016597062311745569", "price": "0.008", "size": "619.71", "side": "BUY", "timestamp": "1768475112823", "received_at": "2026-01-15T12:05:12.946301"}}
{"event_type": "price_change", "event_ts": "2026-01-15T12:05:12.946301", "ingestion_ts": "2026-01-15T12:08:42.168746", "market_id": "0xcab7ba4a9133cfd407d7e73e5757e5abbace413b59421527a31113406c97815c", "raw": {"market": "0xcab7ba4a9133cfd407d7e73e5757e5abbace413b59421527a31113406c97815c", "asset_id": "20002636398944597965698652220992177552927816915094913583821579024925426590022", "price": "0.992", "size": "619.71", "side": "SELL", "timestamp": "1768475112823", "received_at": "2026-01-15T12:05:12.946301"}}
{"event_type": "price_change", "event_ts": "2026-01-15T12:05:13.512673", "ingestion_ts": "2026-01-15T12:08:42.168746", "market_id": "0xcab7ba4a9133cfd407d7e73e5757e5abbace413b59421527a31113406c97815c", "raw": {"market": "0xcab7ba4a9133cfd407d7e73e5757e5abbace413b59421527a31113406c97815c", "asset_id": "96361925776989336186111887920533578209326565663637092688733016597062311745569", "price": "0.006", "size": "136.13", "side": "BUY", "timestamp": "1768475113392", "received_at": "2026-01-15T12:05:13.512673"}}
{"event_type": "price_change", "event_ts": "2026-01-15T12:05:13.512673", "ingestion_ts": "2026-01-15T12:08:42.168746", "market_id": "0xcab7ba4a9133cfd407d7e73e5757e5abbace413b59421527a31113406c97815c", "raw": {"market": "0xcab7ba4a9133cfd407d7e73e5757e5abbace413b59421527a31113406c97815c", "asset_id": "20002636398944597965698652220992177552927816915094913583821579024925426590022", "price": "0.994", "size": "136.13", "side": "SELL", "timestamp": "1768475113392", "received_at": "2026-01-15T12:05:13.512673"}}
